timestamp,symbol,price,quantity,is_buyer_maker
1778518167413,BTCUSDT,81685.5,0.026,True
1778518167557,BTCUSDT,81685.5,0.001,True
1778518167919,BTCUSDT,81685.5,0.021,True
1778518167925,BTCUSDT,81685.6,0.013,False
1778518167959,BTCUSDT,81685.5,0.001,True
1778518168290,BTCUSDT,81685.5,0.009,True
1778518168375,BTCUSDT,81685.6,0.002,False
1778518168500,BTCUSDT,81685.6,0.008,False
1778518168620,BTCUSDT,81685.6,0.002,False
1778518168725,BTCUSDT,81685.6,0.003,False
1778518168914,BTCUSDT,81685.6,0.002,False
1778518168939,BTCUSDT,81685.5,0.01,True
1778518169806,BTCUSDT,81685.6,0.544,False
1778518170062,BTCUSDT,81685.5,0.005,True
1778518170387,BTCUSDT,81685.6,0.001,False
1778518170400,BTCUSDT,81685.5,3.164,True
1778518170529,BTCUSDT,81685.6,0.001,False
1778518170724,BTCUSDT,81685.5,0.036,True
1778518170733,BTCUSDT,81685.6,0.05,False
1778518170842,BTCUSDT,81685.5,0.006,True
1778518171117,BTCUSDT,81685.6,0.027,False
1778518171492,BTCUSDT,81685.6,0.001,False
1778518171497,BTCUSDT,81685.5,0.099,True
1778518171691,BTCUSDT,81685.5,0.002,True
1778518171855,BTCUSDT,81685.5,0.094,True
1778518172072,BTCUSDT,81685.5,4.676,True
1778518172105,BTCUSDT,81685.6,0.002,False
1778518172222,BTCUSDT,81685.5,0.211,True
1778518172343,BTCUSDT,81685.5,0.7,True
1778518172568,BTCUSDT,81685.6,0.002,False
1778518172820,BTCUSDT,81685.5,0.003,True
1778518173187,BTCUSDT,81685.5,0.009,True
1778518173693,BTCUSDT,81685.6,0.015,False
1778518174132,BTCUSDT,81685.5,0.213,True
1778518174132,BTCUSDT,81685.4,0.009,True
1778518174196,BTCUSDT,81685.3,0.012,True
1778518174223,BTCUSDT,81685.4,0.003,False
1778518174433,BTCUSDT,81685.3,0.008,True
1778518174554,BTCUSDT,81685.3,3.522,True
1778518174580,BTCUSDT,81685.2,0.003,True
1778518174581,BTCUSDT,81684.8,0.002,True
1778518174581,BTCUSDT,81684.7,0.054,True
1778518174581,BTCUSDT,81684.1,0.028,True
1778518174582,BTCUSDT,81684.0,0.001,True
1778518174582,BTCUSDT,81683.6,0.001,True
1778518174582,BTCUSDT,81683.5,0.002,True
1778518174586,BTCUSDT,81683.4,0.001,True
1778518174586,BTCUSDT,81683.0,0.001,True
1778518174586,BTCUSDT,81682.7,0.001,True
1778518174586,BTCUSDT,81682.4,0.001,True
1778518174586,BTCUSDT,81682.3,0.001,True
1778518174586,BTCUSDT,81682.2,0.001,True
1778518174586,BTCUSDT,81681.9,0.001,True
1778518174586,BTCUSDT,81681.8,0.006,True
1778518174586,BTCUSDT,81681.7,0.001,True
1778518174705,BTCUSDT,81681.5,0.002,False
1778518174717,BTCUSDT,81681.4,0.126,True
1778518174719,BTCUSDT,81681.3,0.007,True
1778518174719,BTCUSDT,81681.2,0.002,True
1778518174731,BTCUSDT,81681.2,0.004,False
1778518174901,BTCUSDT,81681.1,0.003,True
1778518174920,BTCUSDT,81681.2,0.004,False
1778518175102,BTCUSDT,81681.2,0.01,False
1778518175304,BTCUSDT,81681.1,0.187,True
1778518175304,BTCUSDT,81681.0,0.001,True
1778518175304,BTCUSDT,81680.6,0.002,True
1778518175304,BTCUSDT,81680.5,0.015,True
1778518175306,BTCUSDT,81680.4,0.001,True
1778518175306,BTCUSDT,81680.2,0.008,True
1778518175306,BTCUSDT,81680.0,0.002,True
1778518175307,BTCUSDT,81679.7,0.005,True
1778518175307,BTCUSDT,81679.6,0.001,True
1778518175307,BTCUSDT,81679.5,0.003,True
1778518175307,BTCUSDT,81679.4,0.002,True
1778518175307,BTCUSDT,81679.3,0.001,True
1778518175307,BTCUSDT,81679.2,0.001,True
1778518175307,BTCUSDT,81678.9,0.002,True
1778518175307,BTCUSDT,81678.7,0.013,True
1778518175307,BTCUSDT,81678.6,0.001,True
1778518175310,BTCUSDT,81678.5,0.103,True
1778518175395,BTCUSDT,81678.4,0.014,True
1778518175395,BTCUSDT,81678.2,0.002,True
1778518175395,BTCUSDT,81678.1,0.016,True
1778518175395,BTCUSDT,81678.0,0.001,True
1778518175395,BTCUSDT,81677.9,0.001,True
1778518175497,BTCUSDT,81677.9,0.122,False
1778518175828,BTCUSDT,81677.9,0.018,False
1778518176189,BTCUSDT,81677.9,0.001,False
1778518176189,BTCUSDT,81677.8,0.026,True
1778518176409,BTCUSDT,81677.9,0.004,False
1778518176458,BTCUSDT,81677.8,0.016,True
1778518176631,BTCUSDT,81677.9,1.532,False
1778518176981,BTCUSDT,81677.8,0.007,True
1778518177080,BTCUSDT,81677.9,0.017,False
1778518177225,BTCUSDT,81677.9,0.122,False
1778518177480,BTCUSDT,81677.9,1.738,False
1778518177489,BTCUSDT,81678.0,0.003,False
1778518177489,BTCUSDT,81678.3,0.003,False
1778518177494,BTCUSDT,81678.6,0.02,False
1778518177494,BTCUSDT,81678.8,0.003,False
1778518177783,BTCUSDT,81679.3,0.001,True
1778518177902,BTCUSDT,81679.4,0.039,False
1778518177914,BTCUSDT,81679.3,0.003,True
1778518178076,BTCUSDT,81679.3,0.4,True
1778518178121,BTCUSDT,81679.4,0.002,False
1778518178295,BTCUSDT,81679.4,0.047,False
1778518178651,BTCUSDT,81679.4,0.1,False
1778518178903,BTCUSDT,81679.3,0.019,True
1778518179072,BTCUSDT,81679.4,0.002,False
1778518179398,BTCUSDT,81679.3,0.129,True
1778518180037,BTCUSDT,81679.3,0.003,True
1778518180385,BTCUSDT,81679.3,0.283,True
1778518180523,BTCUSDT,81679.3,0.001,True
1778518180788,BTCUSDT,81679.4,0.367,False
1778518180957,BTCUSDT,81679.4,0.344,False
1778518180965,BTCUSDT,81679.3,0.022,True
1778518181130,BTCUSDT,81679.3,0.012,True
1778518181181,BTCUSDT,81679.4,0.1,False
1778518181267,BTCUSDT,81679.3,0.006,True
1778518181288,BTCUSDT,81679.4,0.026,False
1778518181345,BTCUSDT,81679.3,0.294,True
1778518182590,BTCUSDT,81679.3,0.002,True
1778518182750,BTCUSDT,81679.3,0.002,True
1778518182870,BTCUSDT,81679.3,0.048,True
1778518182876,BTCUSDT,81679.4,0.046,False
1778518183261,BTCUSDT,81679.3,0.184,True
1778518183602,BTCUSDT,81679.3,0.123,True
1778518184007,BTCUSDT,81679.3,0.502,True
1778518184234,BTCUSDT,81679.4,0.02,False
1778518184387,BTCUSDT,81679.3,0.026,True
1778518184412,BTCUSDT,81679.4,0.659,False
1778518184414,BTCUSDT,81679.5,0.001,False
1778518184414,BTCUSDT,81679.6,0.004,False
1778518184414,BTCUSDT,81679.7,0.001,False
1778518184414,BTCUSDT,81680.0,0.001,False
1778518184462,BTCUSDT,81680.1,0.022,True
1778518184573,BTCUSDT,81680.2,0.282,False
1778518184575,BTCUSDT,81680.3,0.001,False
1778518184575,BTCUSDT,81680.7,0.001,False
1778518184575,BTCUSDT,81681.0,0.005,False
1778518184575,BTCUSDT,81681.2,0.047,False
1778518184575,BTCUSDT,81681.4,0.001,False
1778518184577,BTCUSDT,81681.6,0.002,False
1778518184577,BTCUSDT,81681.7,0.001,False
1778518184578,BTCUSDT,81682.0,0.005,False
1778518184578,BTCUSDT,81682.2,0.001,False
1778518184578,BTCUSDT,81682.5,0.001,False
1778518184578,BTCUSDT,81682.7,0.002,False
1778518184578,BTCUSDT,81682.8,0.001,False
1778518184578,BTCUSDT,81682.9,0.004,False
1778518184595,BTCUSDT,81683.1,0.021,False
1778518184595,BTCUSDT,81683.2,0.018,False
1778518184595,BTCUSDT,81683.4,0.001,False
1778518184595,BTCUSDT,81683.7,0.004,False
1778518184595,BTCUSDT,81684.0,0.001,False
1778518184595,BTCUSDT,81684.1,0.001,False
1778518184603,BTCUSDT,81684.3,0.022,False
1778518184618,BTCUSDT,81684.4,1.634,False
1778518184621,BTCUSDT,81684.5,0.002,False
1778518184621,BTCUSDT,81684.9,0.001,False
1778518184703,BTCUSDT,81684.9,0.244,True
1778518185055,BTCUSDT,81685.0,0.006,False
1778518185068,BTCUSDT,81684.9,0.023,True
1778518185185,BTCUSDT,81685.0,0.011,False
1778518185262,BTCUSDT,81684.9,0.008,True
1778518186202,BTCUSDT,81685.0,0.004,False
1778518186552,BTCUSDT,81685.0,0.001,False
1778518186889,BTCUSDT,81684.9,0.918,True
1778518187013,BTCUSDT,81685.0,0.097,False
1778518187295,BTCUSDT,81685.0,0.002,False
1778518187516,BTCUSDT,81684.9,0.049,True
1778518187753,BTCUSDT,81684.9,0.017,True
1778518188043,BTCUSDT,81684.9,0.108,True
1778518188454,BTCUSDT,81684.9,0.014,True
1778518188773,BTCUSDT,81685.0,0.002,False
1778518188804,BTCUSDT,81684.9,0.016,True
1778518188944,BTCUSDT,81684.9,0.008,True
1778518189145,BTCUSDT,81685.0,0.017,False
1778518189248,BTCUSDT,81684.9,0.003,True
1778518189512,BTCUSDT,81685.0,0.002,False
1778518189884,BTCUSDT,81684.9,0.048,True
1778518190214,BTCUSDT,81684.9,0.071,True
1778518190699,BTCUSDT,81684.9,0.001,True
1778518190861,BTCUSDT,81685.0,0.003,False
1778518191074,BTCUSDT,81684.9,0.062,True
1778518191234,BTCUSDT,81684.9,0.018,True
1778518191335,BTCUSDT,81684.9,0.15,True
1778518192765,BTCUSDT,81685.0,0.003,False
1778518192857,BTCUSDT,81684.9,0.001,True
1778518192865,BTCUSDT,81685.0,0.006,False
1778518192982,BTCUSDT,81685.0,0.079,False
1778518193986,BTCUSDT,81684.9,0.568,True
1778518194072,BTCUSDT,81684.8,0.006,True
1778518194072,BTCUSDT,81684.7,0.002,True
1778518194072,BTCUSDT,81684.6,0.003,True
1778518194072,BTCUSDT,81683.8,0.002,True
1778518194072,BTCUSDT,81683.6,0.001,True
1778518194358,BTCUSDT,81683.2,0.001,False
1778518194554,BTCUSDT,81683.2,0.001,False
1778518194672,BTCUSDT,81683.2,0.008,False
1778518194717,BTCUSDT,81683.1,0.16,True
1778518194717,BTCUSDT,81683.0,0.006,True
1778518194717,BTCUSDT,81682.9,0.006,True
1778518194717,BTCUSDT,81682.7,0.001,True
1778518194717,BTCUSDT,81681.8,0.002,True
1778518194717,BTCUSDT,81681.3,0.001,True
1778518194717,BTCUSDT,81681.1,0.006,True
1778518194717,BTCUSDT,81681.0,0.002,True
1778518194717,BTCUSDT,81680.9,0.001,True
1778518194717,BTCUSDT,81680.8,0.001,True
1778518194718,BTCUSDT,81680.4,0.001,True
1778518194718,BTCUSDT,81680.1,0.041,True
1778518194718,BTCUSDT,81680.0,0.01,True
1778518194718,BTCUSDT,81679.9,0.002,True
1778518194718,BTCUSDT,81679.7,0.007,True
1778518194718,BTCUSDT,81679.6,0.007,True
1778518194718,BTCUSDT,81679.5,0.008,True
1778518194718,BTCUSDT,81679.3,0.085,True
1778518194718,BTCUSDT,81679.2,0.001,True
1778518194718,BTCUSDT,81679.0,0.003,True
1778518194718,BTCUSDT,81678.9,0.001,True
1778518194718,BTCUSDT,81678.8,0.001,True
1778518194718,BTCUSDT,81678.7,0.001,True
1778518194718,BTCUSDT,81678.5,0.052,True
1778518194718,BTCUSDT,81678.4,0.001,True
1778518194718,BTCUSDT,81678.1,0.002,True
1778518194718,BTCUSDT,81678.0,0.001,True
1778518194718,BTCUSDT,81677.9,0.004,True
1778518194718,BTCUSDT,81677.8,0.088,True
1778518194723,BTCUSDT,81677.9,0.001,False
1778518194724,BTCUSDT,81677.8,0.472,True
1778518194946,BTCUSDT,81677.8,2.046,True
1778518195423,BTCUSDT,81677.8,0.039,True
1778518195423,BTCUSDT,81677.7,0.002,True
1778518195423,BTCUSDT,81677.6,0.002,True
1778518195425,BTCUSDT,81677.5,0.014,True
1778518195425,BTCUSDT,81677.2,0.004,True
1778518195425,BTCUSDT,81676.9,0.001,True
1778518195425,BTCUSDT,81676.4,0.002,True
1778518195425,BTCUSDT,81676.3,0.001,True
1778518195427,BTCUSDT,81676.1,0.008,True
1778518195429,BTCUSDT,81676.0,0.003,True
1778518195429,BTCUSDT,81675.9,0.004,True
1778518195429,BTCUSDT,81675.8,0.001,True
1778518195429,BTCUSDT,81675.6,0.004,True
1778518195430,BTCUSDT,81675.4,0.001,True
1778518195430,BTCUSDT,81675.2,0.002,True
1778518195430,BTCUSDT,81675.1,0.001,True
1778518195430,BTCUSDT,81675.0,0.004,True
1778518195430,BTCUSDT,81674.8,0.002,True
1778518195430,BTCUSDT,81674.4,0.001,True
1778518195430,BTCUSDT,81674.2,0.003,True
1778518195430,BTCUSDT,81674.1,0.007,True
1778518195431,BTCUSDT,81674.1,0.02,False
1778518195433,BTCUSDT,81674.0,0.024,True
1778518195436,BTCUSDT,81673.8,0.003,True
1778518195436,BTCUSDT,81673.1,0.002,True
1778518195436,BTCUSDT,81672.9,0.001,True
1778518195436,BTCUSDT,81672.5,0.001,True
1778518195436,BTCUSDT,81672.4,0.006,True
1778518195438,BTCUSDT,81672.2,0.022,True
1778518195625,BTCUSDT,81672.3,0.003,False
1778518195977,BTCUSDT,81672.2,0.006,True
1778518196056,BTCUSDT,81672.3,0.001,False
1778518196149,BTCUSDT,81672.2,0.009,True
1778518196618,BTCUSDT,81672.3,0.001,False
1778518196771,BTCUSDT,81672.2,0.036,True
1778518196833,BTCUSDT,81672.3,0.016,False
1778518196842,BTCUSDT,81672.2,0.002,True
1778518197737,BTCUSDT,81672.2,0.122,True
1778518197857,BTCUSDT,81672.2,0.417,True
1778518197926,BTCUSDT,81672.1,0.005,True
1778518197926,BTCUSDT,81672.0,0.003,True
1778518197926,BTCUSDT,81671.9,0.001,True
1778518197926,BTCUSDT,81671.5,0.035,True
1778518197926,BTCUSDT,81671.2,0.03,True
1778518197933,BTCUSDT,81671.0,0.002,True
1778518197933,BTCUSDT,81670.8,0.001,True
1778518197933,BTCUSDT,81670.7,0.004,True
1778518197933,BTCUSDT,81670.6,0.002,True
1778518197933,BTCUSDT,81670.1,0.001,True
1778518197940,BTCUSDT,81670.0,0.046,True
1778518197940,BTCUSDT,81669.9,0.006,True
1778518197940,BTCUSDT,81669.4,0.001,True
1778518197940,BTCUSDT,81669.3,0.008,True
1778518197940,BTCUSDT,81669.1,0.011,True
1778518197941,BTCUSDT,81669.0,0.002,True
1778518197951,BTCUSDT,81669.0,0.013,False
1778518198044,BTCUSDT,81668.9,0.286,True
1778518198045,BTCUSDT,81668.8,0.001,True
1778518198045,BTCUSDT,81668.7,0.002,True
1778518198045,BTCUSDT,81668.6,0.002,True
1778518198045,BTCUSDT,81668.2,0.001,True
1778518198045,BTCUSDT,81668.0,0.001,True
1778518198045,BTCUSDT,81667.8,0.001,True
1778518198045,BTCUSDT,81667.7,0.003,True
1778518198045,BTCUSDT,81667.4,0.025,True
1778518198049,BTCUSDT,81667.2,0.001,True
1778518198049,BTCUSDT,81666.8,0.002,True
1778518198049,BTCUSDT,81666.7,0.001,True
1778518198049,BTCUSDT,81666.6,0.004,True
1778518198049,BTCUSDT,81666.4,0.001,True
1778518198049,BTCUSDT,81666.2,0.002,True
1778518198049,BTCUSDT,81666.0,0.002,True
1778518198056,BTCUSDT,81665.9,0.002,True
1778518198062,BTCUSDT,81665.6,0.005,True
1778518198062,BTCUSDT,81665.3,0.005,True
1778518198062,BTCUSDT,81665.0,0.001,True
1778518198062,BTCUSDT,81664.8,0.001,True
1778518198062,BTCUSDT,81664.2,0.001,True
1778518198069,BTCUSDT,81664.0,0.071,True
1778518198199,BTCUSDT,81664.0,0.515,True
1778518198199,BTCUSDT,81663.9,0.002,True
1778518198199,BTCUSDT,81663.8,0.001,True
1778518198199,BTCUSDT,81663.5,0.001,True
1778518198199,BTCUSDT,81662.9,0.001,True
1778518198199,BTCUSDT,81662.8,0.004,True
1778518198199,BTCUSDT,81662.4,0.001,True
1778518198199,BTCUSDT,81662.1,0.001,True
1778518198199,BTCUSDT,81662.0,0.001,True
1778518198199,BTCUSDT,81661.8,0.001,True
1778518198199,BTCUSDT,81661.7,0.003,True
1778518198199,BTCUSDT,81661.6,0.001,True
1778518198199,BTCUSDT,81661.4,0.001,True
1778518198199,BTCUSDT,81661.3,0.001,True
1778518198199,BTCUSDT,81661.1,0.029,True
1778518198199,BTCUSDT,81661.0,0.001,True
1778518198199,BTCUSDT,81660.9,0.004,True
1778518198199,BTCUSDT,81660.8,0.014,True
1778518198199,BTCUSDT,81660.7,0.001,True
1778518198199,BTCUSDT,81660.5,0.001,True
1778518198199,BTCUSDT,81660.3,0.06,True
1778518198199,BTCUSDT,81660.2,0.014,True
1778518198199,BTCUSDT,81660.1,0.003,True
1778518198199,BTCUSDT,81660.0,0.009,True
1778518198199,BTCUSDT,81659.9,0.007,True
1778518198199,BTCUSDT,81659.8,0.001,True
1778518198199,BTCUSDT,81659.6,0.002,True
1778518198199,BTCUSDT,81659.3,0.002,True
1778518198199,BTCUSDT,81659.2,0.002,True
1778518198199,BTCUSDT,81659.1,0.001,True
1778518198199,BTCUSDT,81659.0,0.001,True
1778518198199,BTCUSDT,81658.9,0.003,True
1778518198199,BTCUSDT,81658.8,0.004,True
1778518198199,BTCUSDT,81658.7,0.008,True
1778518198199,BTCUSDT,81658.6,0.003,True
1778518198199,BTCUSDT,81658.4,0.001,True
1778518198199,BTCUSDT,81658.3,0.103,True
1778518198199,BTCUSDT,81658.2,0.002,True
1778518198199,BTCUSDT,81658.0,0.001,True
1778518198199,BTCUSDT,81657.9,0.001,True
1778518198199,BTCUSDT,81657.8,0.001,True
1778518198199,BTCUSDT,81657.7,0.001,True
1778518198199,BTCUSDT,81657.5,0.004,True
1778518198199,BTCUSDT,81657.4,0.001,True
1778518198199,BTCUSDT,81657.3,0.04,True
1778518198199,BTCUSDT,81657.2,0.001,True
1778518198199,BTCUSDT,81657.0,0.08,True
1778518198199,BTCUSDT,81656.9,0.005,True
1778518198199,BTCUSDT,81656.8,0.03,True
1778518198199,BTCUSDT,81656.7,0.002,True
1778518198200,BTCUSDT,81656.5,0.001,True
1778518198200,BTCUSDT,81656.4,0.001,True
1778518198200,BTCUSDT,81656.3,0.001,True
1778518198200,BTCUSDT,81656.2,0.001,True
1778518198200,BTCUSDT,81656.0,0.053,True
1778518198200,BTCUSDT,81655.9,0.007,True
1778518198200,BTCUSDT,81655.8,0.015,True
1778518198200,BTCUSDT,81655.7,0.002,True
1778518198200,BTCUSDT,81655.5,0.002,True
1778518198200,BTCUSDT,81655.4,0.002,True
1778518198200,BTCUSDT,81655.3,0.002,True
1778518198200,BTCUSDT,81655.1,0.003,True
1778518198200,BTCUSDT,81655.0,0.005,True
1778518198200,BTCUSDT,81654.9,0.001,True
1778518198200,BTCUSDT,81654.7,0.007,True
1778518198200,BTCUSDT,81654.6,0.001,True
1778518198200,BTCUSDT,81654.4,0.002,True
1778518198200,BTCUSDT,81654.3,0.001,True
1778518198200,BTCUSDT,81654.2,0.002,True
1778518198200,BTCUSDT,81654.1,0.002,True
1778518198200,BTCUSDT,81654.0,0.002,True
1778518198200,BTCUSDT,81653.8,0.001,True
1778518198200,BTCUSDT,81653.6,0.004,True
1778518198200,BTCUSDT,81653.5,0.001,True
1778518198200,BTCUSDT,81653.4,0.703,True
1778518198203,BTCUSDT,81654.8,0.004,False
1778518198204,BTCUSDT,81654.6,0.01,True
1778518198210,BTCUSDT,81654.7,0.011,False
1778518198575,BTCUSDT,81654.6,0.001,True
1778518198963,BTCUSDT,81654.6,0.001,True
1778518199264,BTCUSDT,81654.7,0.016,False
1778518199474,BTCUSDT,81654.6,0.118,True
1778518199552,BTCUSDT,81654.7,0.001,False
1778518199556,BTCUSDT,81654.6,0.004,True
1778518199556,BTCUSDT,81654.5,0.007,True
1778518199556,BTCUSDT,81654.4,0.004,True
1778518199556,BTCUSDT,81653.6,0.002,True
1778518199557,BTCUSDT,81653.5,0.009,True
1778518199557,BTCUSDT,81653.3,0.011,True
1778518199557,BTCUSDT,81652.8,0.008,True
1778518199557,BTCUSDT,81652.6,0.003,True
1778518199557,BTCUSDT,81652.4,0.001,True
1778518199557,BTCUSDT,81652.3,0.001,True
1778518199557,BTCUSDT,81652.1,0.001,True
1778518199557,BTCUSDT,81652.0,0.01,True
1778518199557,BTCUSDT,81651.9,0.002,True
1778518199557,BTCUSDT,81651.6,0.002,True
1778518199557,BTCUSDT,81651.5,0.001,True
1778518199557,BTCUSDT,81651.2,0.001,True
1778518199557,BTCUSDT,81651.1,0.001,True
1778518199557,BTCUSDT,81650.8,0.003,True
1778518199705,BTCUSDT,81650.6,0.008,True
1778518199877,BTCUSDT,81650.7,0.003,False
1778518199953,BTCUSDT,81650.6,0.001,True
1778518200201,BTCUSDT,81650.6,0.015,True
1778518200326,BTCUSDT,81650.6,0.005,True
1778518200493,BTCUSDT,81650.7,0.007,False
1778518200596,BTCUSDT,81650.7,1.605,False
1778518200604,BTCUSDT,81650.8,0.002,False
1778518200604,BTCUSDT,81651.4,0.001,False
1778518200604,BTCUSDT,81651.5,0.2,False
1778518200607,BTCUSDT,81651.5,0.001,True
1778518200607,BTCUSDT,81651.6,0.001,False
1778518200607,BTCUSDT,81651.8,0.002,False
1778518200607,BTCUSDT,81652.4,0.001,False
1778518200607,BTCUSDT,81652.5,0.001,False
1778518200607,BTCUSDT,81652.7,0.004,False
1778518200607,BTCUSDT,81652.9,0.004,False
1778518200607,BTCUSDT,81653.2,0.002,False
1778518200608,BTCUSDT,81653.5,0.002,False
1778518200611,BTCUSDT,81653.5,0.006,True
1778518200651,BTCUSDT,81653.6,0.139,False
1778518200776,BTCUSDT,81653.5,0.01,True
1778518200889,BTCUSDT,81653.5,0.143,True
1778518200972,BTCUSDT,81653.6,0.004,False
1778518200976,BTCUSDT,81653.5,0.166,True
1778518201099,BTCUSDT,81653.5,0.062,True
1778518201394,BTCUSDT,81653.5,0.021,True
1778518201564,BTCUSDT,81653.5,0.016,True
1778518201698,BTCUSDT,81653.6,0.005,False
1778518201708,BTCUSDT,81653.5,0.023,True
1778518201842,BTCUSDT,81653.5,0.074,True
1778518201888,BTCUSDT,81653.6,0.001,False
1778518201970,BTCUSDT,81653.5,0.001,True
1778518202320,BTCUSDT,81653.6,0.001,False
1778518202435,BTCUSDT,81653.5,0.147,True
1778518202435,BTCUSDT,81653.6,0.887,False
1778518202556,BTCUSDT,81653.6,0.009,False
1778518202659,BTCUSDT,81653.5,0.001,True
1778518202698,BTCUSDT,81653.6,0.007,False
1778518203075,BTCUSDT,81653.6,0.015,False
1778518203244,BTCUSDT,81653.5,0.021,True
1778518203387,BTCUSDT,81653.5,0.038,True
1778518203688,BTCUSDT,81653.5,0.002,True
1778518203874,BTCUSDT,81653.5,0.028,True
1778518203946,BTCUSDT,81653.6,0.009,False
1778518203952,BTCUSDT,81653.5,0.026,True
1778518204134,BTCUSDT,81653.5,0.263,True
1778518204300,BTCUSDT,81653.5,0.011,True
1778518204355,BTCUSDT,81653.6,0.006,False
1778518204584,BTCUSDT,81653.5,0.004,True
1778518204655,BTCUSDT,81653.6,0.571,False
1778518204793,BTCUSDT,81653.6,0.005,False
1778518204868,BTCUSDT,81653.5,0.008,True
1778518204949,BTCUSDT,81653.6,0.026,False
1778518205078,BTCUSDT,81653.6,0.005,False
1778518205280,BTCUSDT,81653.6,0.025,False
1778518205351,BTCUSDT,81653.5,0.009,True
1778518205495,BTCUSDT,81653.5,0.07,True
1778518205742,BTCUSDT,81653.5,0.003,True
1778518206124,BTCUSDT,81653.6,0.006,False
1778518206540,BTCUSDT,81653.5,0.03,True
1778518206575,BTCUSDT,81653.6,0.002,False
1778518206689,BTCUSDT,81653.6,0.009,False
1778518206916,BTCUSDT,81653.5,0.002,True
1778518207007,BTCUSDT,81653.6,0.386,False
1778518207164,BTCUSDT,81653.6,0.012,False
1778518207533,BTCUSDT,81653.6,0.002,False
1778518207723,BTCUSDT,81653.6,0.012,False
1778518207838,BTCUSDT,81653.6,0.011,False
1778518207925,BTCUSDT,81653.5,0.001,True
1778518207939,BTCUSDT,81653.6,0.061,False
1778518208163,BTCUSDT,81653.5,0.007,True
1778518208278,BTCUSDT,81653.6,0.691,False
1778518208282,BTCUSDT,81653.7,0.57,False
1778518208282,BTCUSDT,81653.8,0.001,False
1778518208282,BTCUSDT,81653.9,0.005,False
1778518208283,BTCUSDT,81654.1,0.002,False
1778518208283,BTCUSDT,81654.4,0.2,False
1778518208283,BTCUSDT,81654.6,0.001,False
1778518208283,BTCUSDT,81654.7,0.068,False
1778518208283,BTCUSDT,81654.8,0.05,False
1778518208283,BTCUSDT,81654.9,0.001,False
1778518208283,BTCUSDT,81655.0,0.001,False
1778518208283,BTCUSDT,81655.1,0.001,False
1778518208283,BTCUSDT,81655.6,0.001,False
1778518208283,BTCUSDT,81655.9,0.001,False
1778518208283,BTCUSDT,81656.0,0.002,False
1778518208283,BTCUSDT,81656.1,0.001,False
1778518208283,BTCUSDT,81656.2,0.005,False
1778518208283,BTCUSDT,81656.3,0.119,False
1778518208284,BTCUSDT,81656.3,0.001,True
1778518208284,BTCUSDT,81656.4,0.001,False
1778518208284,BTCUSDT,81656.5,0.001,False
1778518208284,BTCUSDT,81656.7,0.005,False
1778518208284,BTCUSDT,81656.9,0.002,False
1778518208284,BTCUSDT,81657.1,0.001,False
1778518208284,BTCUSDT,81657.2,0.001,False
1778518208284,BTCUSDT,81657.4,0.001,False
1778518208284,BTCUSDT,81657.5,0.007,False
1778518208284,BTCUSDT,81657.6,0.101,False
1778518208288,BTCUSDT,81657.5,0.002,True
1778518208296,BTCUSDT,81657.6,0.145,False
1778518208307,BTCUSDT,81657.5,0.026,True
1778518208405,BTCUSDT,81657.6,0.001,False
1778518208408,BTCUSDT,81657.5,0.008,True
1778518208418,BTCUSDT,81657.6,0.066,False
1778518208420,BTCUSDT,81657.8,0.001,False
1778518208420,BTCUSDT,81657.9,0.001,False
1778518208420,BTCUSDT,81658.0,0.001,False
1778518208420,BTCUSDT,81658.1,0.001,False
1778518208420,BTCUSDT,81658.2,0.002,False
1778518208420,BTCUSDT,81658.4,0.014,False
1778518208430,BTCUSDT,81658.5,0.002,False
1778518208430,BTCUSDT,81658.6,0.001,False
1778518208430,BTCUSDT,81658.7,0.003,False
1778518208430,BTCUSDT,81658.9,0.002,False
1778518208434,BTCUSDT,81659.0,0.001,False
1778518208434,BTCUSDT,81659.1,0.001,False
1778518208434,BTCUSDT,81659.2,0.004,False
1778518208434,BTCUSDT,81659.7,0.003,False
1778518208434,BTCUSDT,81659.9,0.002,False
1778518208434,BTCUSDT,81660.0,0.006,False
1778518208434,BTCUSDT,81660.1,0.001,False
1778518208434,BTCUSDT,81660.5,0.003,False
1778518208521,BTCUSDT,81660.6,0.066,True
1778518208550,BTCUSDT,81660.7,0.014,False
1778518208550,BTCUSDT,81660.8,0.005,False
1778518208550,BTCUSDT,81660.9,0.001,False
1778518208619,BTCUSDT,81661.2,0.042,True
1778518208729,BTCUSDT,81661.3,0.007,False
1778518208796,BTCUSDT,81661.2,0.024,True
1778518208937,BTCUSDT,81661.2,0.848,True
1778518209151,BTCUSDT,81661.2,0.04,True
1778518209269,BTCUSDT,81661.3,0.1,False
1778518209908,BTCUSDT,81661.2,0.003,True
1778518210018,BTCUSDT,81661.3,0.003,False
1778518210298,BTCUSDT,81661.2,0.002,True
1778518210459,BTCUSDT,81661.3,0.003,False
1778518210691,BTCUSDT,81661.3,0.001,False
1778518210822,BTCUSDT,81661.3,0.002,False
1778518211023,BTCUSDT,81661.2,0.004,True
1778518211439,BTCUSDT,81661.3,0.121,False
1778518211654,BTCUSDT,81661.2,0.002,True
1778518211711,BTCUSDT,81661.3,0.004,False
1778518211983,BTCUSDT,81661.2,0.042,True
1778518211997,BTCUSDT,81661.3,0.098,False
1778518212965,BTCUSDT,81661.2,0.031,True
1778518213205,BTCUSDT,81661.2,0.002,True
1778518213263,BTCUSDT,81661.3,0.006,False
1778518213518,BTCUSDT,81661.2,0.04,True
1778518213692,BTCUSDT,81661.2,0.012,True
1778518214027,BTCUSDT,81661.2,0.074,True
1778518214146,BTCUSDT,81661.3,0.001,False
1778518214793,BTCUSDT,81661.3,0.036,False
1778518215043,BTCUSDT,81661.3,1.604,False
1778518215047,BTCUSDT,81661.4,0.002,False
1778518215212,BTCUSDT,81661.5,0.285,False
1778518215216,BTCUSDT,81661.6,0.001,False
1778518215216,BTCUSDT,81661.7,0.001,False
1778518215216,BTCUSDT,81661.8,0.014,False
1778518215216,BTCUSDT,81662.0,0.001,False
1778518215216,BTCUSDT,81662.1,0.001,False
1778518215216,BTCUSDT,81662.4,0.002,False
1778518215223,BTCUSDT,81662.5,0.001,True
1778518215229,BTCUSDT,81662.6,0.006,False
1778518215230,BTCUSDT,81662.7,0.01,False
1778518215230,BTCUSDT,81662.9,0.001,False
1778518215230,BTCUSDT,81663.0,0.001,False
1778518215230,BTCUSDT,81663.1,0.001,False
1778518215230,BTCUSDT,81663.3,0.005,False
1778518215230,BTCUSDT,81663.8,0.001,False
1778518215230,BTCUSDT,81663.9,0.003,False
1778518215230,BTCUSDT,81664.0,0.001,False
1778518215230,BTCUSDT,81664.1,0.002,False
1778518215233,BTCUSDT,81664.2,0.001,False
1778518215233,BTCUSDT,81664.6,0.001,False
1778518215233,BTCUSDT,81664.9,0.004,False
1778518215233,BTCUSDT,81665.0,0.001,False
1778518215235,BTCUSDT,81665.6,0.003,False
1778518215235,BTCUSDT,81665.7,0.005,False
1778518215235,BTCUSDT,81665.8,0.002,False
1778518215235,BTCUSDT,81666.0,0.001,False
1778518215235,BTCUSDT,81666.3,0.001,False
1778518215235,BTCUSDT,81666.5,0.005,False
1778518215486,BTCUSDT,81666.8,0.797,False
1778518215490,BTCUSDT,81666.9,0.001,False
1778518215490,BTCUSDT,81667.2,0.001,False
1778518215490,BTCUSDT,81667.3,0.004,False
1778518215490,BTCUSDT,81667.5,0.002,False
1778518215924,BTCUSDT,81667.5,0.005,True
1778518216088,BTCUSDT,81667.5,0.003,True
1778518216195,BTCUSDT,81667.5,0.002,True
1778518216252,BTCUSDT,81667.6,0.285,False
1778518216255,BTCUSDT,81667.8,0.002,False
1778518216255,BTCUSDT,81667.9,0.001,False
1778518216255,BTCUSDT,81668.0,0.001,False
1778518216255,BTCUSDT,81668.2,0.002,False
1778518216255,BTCUSDT,81668.3,0.001,False
1778518216255,BTCUSDT,81668.6,0.003,False
1778518216255,BTCUSDT,81668.8,0.001,False
1778518216255,BTCUSDT,81669.0,0.001,False
1778518216255,BTCUSDT,81669.1,0.001,False
1778518216255,BTCUSDT,81669.2,0.001,False
1778518216255,BTCUSDT,81669.3,0.001,False
1778518216255,BTCUSDT,81669.5,0.006,False
1778518216255,BTCUSDT,81670.0,0.002,False
1778518216256,BTCUSDT,81670.1,0.002,False
1778518216260,BTCUSDT,81670.3,0.001,False
1778518216260,BTCUSDT,81670.7,0.001,False
1778518216260,BTCUSDT,81671.4,0.001,False
1778518216260,BTCUSDT,81671.8,0.001,False
1778518216260,BTCUSDT,81672.0,0.003,False
1778518216497,BTCUSDT,81672.2,0.005,False
1778518216508,BTCUSDT,81672.1,0.001,True
1778518216538,BTCUSDT,81672.2,0.428,False
1778518216839,BTCUSDT,81672.2,0.005,False
1778518217236,BTCUSDT,81672.2,0.044,False
1778518217236,BTCUSDT,81672.3,0.001,False
1778518217236,BTCUSDT,81672.4,0.018,False
1778518217236,BTCUSDT,81672.5,0.001,False
1778518217236,BTCUSDT,81672.7,0.003,False
1778518217236,BTCUSDT,81672.9,0.002,False
1778518217236,BTCUSDT,81673.0,0.2,False
1778518217236,BTCUSDT,81673.1,0.001,False
1778518217240,BTCUSDT,81673.3,0.001,False
1778518217240,BTCUSDT,81673.4,0.001,False
1778518217240,BTCUSDT,81674.0,0.001,False
1778518217240,BTCUSDT,81674.2,0.001,False
1778518217240,BTCUSDT,81674.3,0.002,False
1778518217240,BTCUSDT,81674.6,0.001,False
1778518217240,BTCUSDT,81675.0,0.001,False
1778518217240,BTCUSDT,81675.1,0.001,False
1778518217240,BTCUSDT,81675.2,0.001,False
1778518217240,BTCUSDT,81675.3,0.002,False
1778518217240,BTCUSDT,81675.5,0.001,False
1778518217240,BTCUSDT,81675.6,0.001,False
1778518217246,BTCUSDT,81675.6,0.001,True
1778518217251,BTCUSDT,81675.7,0.001,False
1778518217292,BTCUSDT,81675.6,0.003,True
1778518217506,BTCUSDT,81675.6,0.024,True
1778518217550,BTCUSDT,81675.7,0.002,False
1778518217645,BTCUSDT,81675.6,0.007,True
1778518217846,BTCUSDT,81675.6,0.045,True
1778518218215,BTCUSDT,81675.6,0.061,True
1778518218371,BTCUSDT,81675.7,0.127,False
1778518218654,BTCUSDT,81675.7,0.005,False
1778518218881,BTCUSDT,81675.7,1.609,False
1778518219021,BTCUSDT,81675.7,0.002,False
1778518219205,BTCUSDT,81675.6,0.001,True
1778518219498,BTCUSDT,81675.7,0.001,False
1778518219555,BTCUSDT,81675.6,0.003,True
1778518219939,BTCUSDT,81675.6,0.002,True
1778518219993,BTCUSDT,81675.7,0.004,False
1778518220105,BTCUSDT,81675.7,0.004,False
1778518220278,BTCUSDT,81675.6,0.038,True
1778518220324,BTCUSDT,81675.7,0.001,False
1778518220440,BTCUSDT,81675.7,0.002,False
1778518220488,BTCUSDT,81675.6,0.001,True
1778518220639,BTCUSDT,81675.7,0.026,False
1778518220849,BTCUSDT,81675.6,0.024,True
1778518220980,BTCUSDT,81675.7,0.817,False
1778518221029,BTCUSDT,81675.6,0.001,True
1778518221276,BTCUSDT,81675.7,0.066,False
1778518221536,BTCUSDT,81675.7,0.003,False
1778518221941,BTCUSDT,81675.6,0.006,True
1778518222015,BTCUSDT,81675.7,0.001,False
1778518222162,BTCUSDT,81675.6,0.009,True
1778518222298,BTCUSDT,81675.6,0.066,True
1778518222820,BTCUSDT,81675.7,0.002,False
1778518223063,BTCUSDT,81675.6,0.034,True
1778518223461,BTCUSDT,81675.6,0.019,True
1778518223554,BTCUSDT,81675.7,0.004,False
1778518223671,BTCUSDT,81675.7,0.001,False
1778518223682,BTCUSDT,81675.6,0.025,True
1778518224172,BTCUSDT,81675.7,0.727,False
1778518224678,BTCUSDT,81675.6,0.007,True
1778518225205,BTCUSDT,81675.7,0.01,False
1778518225408,BTCUSDT,81675.7,0.015,False
1778518225468,BTCUSDT,81675.6,1.779,True
1778518225470,BTCUSDT,81675.5,0.003,True
1778518225470,BTCUSDT,81675.1,0.002,True
1778518225470,BTCUSDT,81675.0,0.001,True
1778518225474,BTCUSDT,81674.0,0.003,True
1778518225474,BTCUSDT,81673.9,0.001,True
1778518225474,BTCUSDT,81673.6,0.002,True
1778518225474,BTCUSDT,81673.5,0.001,True
1778518225474,BTCUSDT,81673.2,0.003,True
1778518225474,BTCUSDT,81672.8,0.001,True
1778518225474,BTCUSDT,81672.5,0.001,True
1778518225474,BTCUSDT,81672.4,0.001,True
1778518225475,BTCUSDT,81672.2,0.001,True
1778518225518,BTCUSDT,81672.2,0.002,False
1778518225609,BTCUSDT,81672.1,0.024,True
1778518226556,BTCUSDT,81672.2,0.012,False
1778518226721,BTCUSDT,81672.2,0.045,False
1778518226914,BTCUSDT,81672.1,0.008,True
1778518227164,BTCUSDT,81672.1,0.013,True
1778518227370,BTCUSDT,81672.1,0.032,True
1778518227555,BTCUSDT,81672.2,0.002,False
1778518228566,BTCUSDT,81672.1,0.012,True
1778518228784,BTCUSDT,81672.2,0.613,False
1778518228935,BTCUSDT,81672.1,0.003,True
1778518229061,BTCUSDT,81672.1,0.686,True
1778518229061,BTCUSDT,81672.0,0.004,True
1778518229062,BTCUSDT,81671.9,0.002,True
1778518229062,BTCUSDT,81671.8,0.014,True
1778518229062,BTCUSDT,81671.4,0.002,True
1778518229062,BTCUSDT,81671.0,0.001,True
1778518229062,BTCUSDT,81670.7,0.021,True
1778518229062,BTCUSDT,81670.4,0.001,True
1778518229062,BTCUSDT,81670.3,0.006,True
1778518229063,BTCUSDT,81670.2,0.001,True
1778518229063,BTCUSDT,81670.1,0.001,True
1778518229063,BTCUSDT,81670.0,0.004,True
1778518229063,BTCUSDT,81669.9,0.001,True
1778518229063,BTCUSDT,81669.3,0.003,True
1778518229066,BTCUSDT,81668.9,0.001,True
1778518229066,BTCUSDT,81668.6,0.001,True
1778518229066,BTCUSDT,81668.5,0.003,True
1778518229066,BTCUSDT,81668.4,0.001,True
1778518229071,BTCUSDT,81668.0,0.066,True
1778518229079,BTCUSDT,81667.8,0.002,True
1778518229079,BTCUSDT,81667.5,0.007,True
1778518229080,BTCUSDT,81667.4,0.002,True
1778518229080,BTCUSDT,81667.0,0.004,True
1778518229080,BTCUSDT,81666.9,0.008,True
1778518229085,BTCUSDT,81666.3,0.004,True
1778518229085,BTCUSDT,81666.0,0.002,True
1778518229085,BTCUSDT,81665.8,0.003,True
1778518229085,BTCUSDT,81665.5,0.001,True
1778518229085,BTCUSDT,81665.1,0.001,True
1778518229085,BTCUSDT,81665.0,0.005,True
1778518229085,BTCUSDT,81664.9,0.001,True
1778518229090,BTCUSDT,81664.8,0.029,True
1778518229122,BTCUSDT,81664.3,0.002,True
1778518229122,BTCUSDT,81664.2,0.002,True
1778518229122,BTCUSDT,81664.1,0.001,True
1778518229122,BTCUSDT,81664.0,0.002,True
1778518229122,BTCUSDT,81663.7,0.005,True
1778518229122,BTCUSDT,81663.5,0.001,True
1778518229122,BTCUSDT,81663.4,0.002,True
1778518229122,BTCUSDT,81663.2,0.002,True
1778518229122,BTCUSDT,81662.5,0.001,True
1778518229122,BTCUSDT,81662.4,0.001,True
1778518229125,BTCUSDT,81662.3,0.001,True
1778518229125,BTCUSDT,81662.2,0.002,True
1778518229125,BTCUSDT,81662.0,0.003,True
1778518229125,BTCUSDT,81661.6,0.001,True
1778518229125,BTCUSDT,81661.4,0.004,True
1778518229178,BTCUSDT,81661.3,0.024,True
1778518229216,BTCUSDT,81661.4,0.004,False
1778518229448,BTCUSDT,81661.3,0.182,True
1778518229485,BTCUSDT,81661.2,0.787,True
1778518229485,BTCUSDT,81661.1,0.059,True
1778518229485,BTCUSDT,81660.9,0.018,True
1778518229485,BTCUSDT,81660.8,0.057,True
1778518229485,BTCUSDT,81660.5,0.03,True
1778518229485,BTCUSDT,81660.4,0.019,True
1778518229485,BTCUSDT,81660.3,0.024,True
1778518229485,BTCUSDT,81660.2,0.016,True
1778518229485,BTCUSDT,81660.1,0.046,True
1778518229485,BTCUSDT,81660.0,0.002,True
1778518229485,BTCUSDT,81659.9,0.002,True
1778518229485,BTCUSDT,81659.8,0.009,True
1778518229486,BTCUSDT,81659.3,0.001,True
1778518229486,BTCUSDT,81659.2,0.001,True
1778518229486,BTCUSDT,81658.9,0.002,True
1778518229488,BTCUSDT,81658.6,0.001,True
1778518229491,BTCUSDT,81658.2,0.002,True
1778518229491,BTCUSDT,81658.1,0.003,True
1778518229491,BTCUSDT,81658.0,0.002,True
1778518229491,BTCUSDT,81657.5,0.002,True
1778518229491,BTCUSDT,81657.4,0.009,True
1778518229491,BTCUSDT,81657.1,0.006,True
1778518229491,BTCUSDT,81657.0,0.001,True
1778518229491,BTCUSDT,81656.8,0.001,True
1778518229491,BTCUSDT,81656.5,0.001,True
1778518229491,BTCUSDT,81656.2,0.001,True
1778518229491,BTCUSDT,81656.1,0.002,True
1778518229857,BTCUSDT,81656.0,0.004,True
1778518229877,BTCUSDT,81656.1,0.002,False
1778518230229,BTCUSDT,81656.0,0.156,True
1778518230331,BTCUSDT,81656.0,0.035,True
1778518230334,BTCUSDT,81655.9,0.002,True
1778518230334,BTCUSDT,81655.8,0.001,True
1778518230334,BTCUSDT,81655.6,0.001,True
1778518230334,BTCUSDT,81655.2,0.004,True
1778518230334,BTCUSDT,81655.0,0.001,True
1778518230334,BTCUSDT,81654.9,0.001,True
1778518230334,BTCUSDT,81654.6,0.002,True
1778518230334,BTCUSDT,81654.4,0.002,True
1778518230334,BTCUSDT,81654.0,0.001,True
1778518230337,BTCUSDT,81653.9,0.039,True
1778518230342,BTCUSDT,81653.8,0.001,True
1778518230342,BTCUSDT,81653.6,0.001,True
1778518230346,BTCUSDT,81653.6,0.57,False
1778518230389,BTCUSDT,81653.5,0.034,True
1778518230660,BTCUSDT,81653.5,0.007,True
1778518230794,BTCUSDT,81653.5,0.211,True
1778518230794,BTCUSDT,81653.4,0.003,True
1778518230794,BTCUSDT,81652.9,0.002,True
1778518230794,BTCUSDT,81652.8,0.004,True
1778518230794,BTCUSDT,81652.7,0.001,True
1778518230794,BTCUSDT,81652.2,0.001,True
1778518230794,BTCUSDT,81652.0,0.005,True
1778518230794,BTCUSDT,81651.6,0.001,True
1778518230794,BTCUSDT,81651.5,0.002,True
1778518230794,BTCUSDT,81651.2,0.005,True
1778518230794,BTCUSDT,81650.8,0.007,True
1778518230794,BTCUSDT,81650.7,0.001,True
1778518230794,BTCUSDT,81650.6,0.123,True
1778518230794,BTCUSDT,81650.5,0.002,True
1778518230794,BTCUSDT,81650.2,0.006,True
1778518230794,BTCUSDT,81650.1,0.01,True
1778518230799,BTCUSDT,81650.1,0.002,False
1778518230817,BTCUSDT,81650.0,1.263,True
1778518230828,BTCUSDT,81649.9,0.001,True
1778518230840,BTCUSDT,81649.6,0.002,True
1778518230840,BTCUSDT,81649.5,0.004,True
1778518230840,BTCUSDT,81649.3,0.001,True
1778518230840,BTCUSDT,81649.1,0.001,True
1778518230840,BTCUSDT,81649.0,0.004,True
1778518230855,BTCUSDT,81648.9,0.031,True
1778518230864,BTCUSDT,81648.8,0.03,True
1778518230864,BTCUSDT,81648.7,0.003,True
1778518230864,BTCUSDT,81648.6,0.001,True
1778518230882,BTCUSDT,81648.3,0.003,True
1778518230882,BTCUSDT,81648.2,0.003,True
1778518230882,BTCUSDT,81648.1,0.001,True
1778518230882,BTCUSDT,81648.0,0.004,True
1778518230882,BTCUSDT,81647.9,0.001,True
1778518230882,BTCUSDT,81647.2,0.001,True
1778518230882,BTCUSDT,81647.0,0.002,True
1778518230882,BTCUSDT,81646.7,0.002,True
1778518230882,BTCUSDT,81646.4,0.001,True
1778518230882,BTCUSDT,81646.2,0.001,True
1778518230882,BTCUSDT,81646.1,0.001,True
1778518230882,BTCUSDT,81646.0,0.002,True
1778518230886,BTCUSDT,81645.9,0.003,True
1778518230892,BTCUSDT,81645.1,0.001,True
1778518230892,BTCUSDT,81644.9,0.002,True
1778518230895,BTCUSDT,81644.8,0.032,True
1778518230906,BTCUSDT,81644.7,0.002,True
1778518230906,BTCUSDT,81644.6,0.001,True
1778518230906,BTCUSDT,81644.4,0.006,True
1778518230906,BTCUSDT,81644.3,0.003,True
1778518230929,BTCUSDT,81644.1,0.025,False
1778518230932,BTCUSDT,81644.0,0.05,True
1778518230933,BTCUSDT,81643.9,0.002,True
1778518230933,BTCUSDT,81643.8,0.001,True
1778518230933,BTCUSDT,81643.6,0.005,True
1778518230933,BTCUSDT,81643.2,0.004,True
1778518230933,BTCUSDT,81643.0,0.004,True
1778518230933,BTCUSDT,81642.9,0.002,True
1778518230933,BTCUSDT,81642.8,0.003,True
1778518230933,BTCUSDT,81642.6,0.003,True
1778518230939,BTCUSDT,81642.5,0.013,True
1778518230944,BTCUSDT,81642.0,0.014,True
1778518230944,BTCUSDT,81641.9,0.002,True
1778518230944,BTCUSDT,81641.8,0.001,True
1778518230944,BTCUSDT,81641.4,0.006,True
1778518230944,BTCUSDT,81641.0,0.001,True
1778518230944,BTCUSDT,81640.9,0.001,True
1778518230944,BTCUSDT,81640.8,0.002,True
1778518230944,BTCUSDT,81640.5,0.001,True
1778518230944,BTCUSDT,81640.3,0.002,True
1778518230949,BTCUSDT,81640.0,0.006,True
1778518230949,BTCUSDT,81639.8,0.001,True
1778518230949,BTCUSDT,81639.6,0.004,True
1778518231013,BTCUSDT,81639.5,0.05,True
1778518231077,BTCUSDT,81639.3,0.002,True
1778518231077,BTCUSDT,81639.2,0.001,True
1778518231077,BTCUSDT,81639.1,0.001,True
1778518231115,BTCUSDT,81639.0,0.012,True
1778518231162,BTCUSDT,81639.1,0.063,False
1778518231324,BTCUSDT,81639.0,0.012,True
1778518231637,BTCUSDT,81639.0,0.154,True
1778518232060,BTCUSDT,81639.0,0.073,True
1778518232361,BTCUSDT,81639.0,0.016,True
1778518232577,BTCUSDT,81639.0,0.024,True
1778518233213,BTCUSDT,81639.1,0.002,False
1778518233351,BTCUSDT,81639.1,0.003,False
1778518233452,BTCUSDT,81639.0,0.055,True
1778518233642,BTCUSDT,81639.0,0.13,True
1778518233709,BTCUSDT,81638.9,0.008,True
1778518233710,BTCUSDT,81638.3,0.002,True
1778518233710,BTCUSDT,81638.2,0.001,True
1778518233710,BTCUSDT,81638.1,0.022,True
1778518233813,BTCUSDT,81638.1,0.081,True
1778518233813,BTCUSDT,81638.0,0.001,True
1778518233814,BTCUSDT,81637.4,0.002,True
1778518233815,BTCUSDT,81637.3,0.002,True
1778518233815,BTCUSDT,81637.2,0.002,True
1778518233815,BTCUSDT,81637.1,0.001,True
1778518233815,BTCUSDT,81636.7,0.004,True
1778518233815,BTCUSDT,81636.6,0.018,True
1778518233815,BTCUSDT,81636.4,0.005,True
1778518233815,BTCUSDT,81636.3,0.01,True
1778518233815,BTCUSDT,81636.1,0.001,True
1778518233815,BTCUSDT,81636.0,0.002,True
1778518233815,BTCUSDT,81635.8,0.001,True
1778518233815,BTCUSDT,81635.7,0.001,True
1778518233815,BTCUSDT,81635.6,0.006,True
1778518233815,BTCUSDT,81635.5,0.002,True
1778518233815,BTCUSDT,81635.3,0.001,True
1778518233815,BTCUSDT,81635.2,0.001,True
1778518233820,BTCUSDT,81634.8,0.018,True
1778518233822,BTCUSDT,81634.6,0.001,True
1778518233822,BTCUSDT,81634.5,0.001,True
1778518233822,BTCUSDT,81634.0,0.002,True
1778518233822,BTCUSDT,81633.9,0.001,True
1778518233822,BTCUSDT,81633.8,0.004,True
1778518233822,BTCUSDT,81633.7,0.002,True
1778518233822,BTCUSDT,81633.6,0.002,True
1778518233822,BTCUSDT,81633.2,0.001,True
1778518233822,BTCUSDT,81633.1,0.002,True
1778518233822,BTCUSDT,81632.9,0.001,True
1778518233822,BTCUSDT,81632.8,0.001,True
1778518233822,BTCUSDT,81632.7,0.001,True
1778518233822,BTCUSDT,81632.4,0.001,True
1778518233822,BTCUSDT,81632.1,0.001,True
1778518233822,BTCUSDT,81632.0,0.005,True
1778518233822,BTCUSDT,81631.9,0.001,True
1778518233822,BTCUSDT,81631.7,0.018,True
1778518233822,BTCUSDT,81631.5,0.002,True
1778518233822,BTCUSDT,81631.4,0.005,True
1778518233822,BTCUSDT,81631.3,0.045,True
1778518233825,BTCUSDT,81631.4,0.002,False
1778518233960,BTCUSDT,81631.4,0.002,False
1778518233982,BTCUSDT,81631.3,0.038,True
1778518233982,BTCUSDT,81631.1,0.002,True
1778518233982,BTCUSDT,81631.0,0.001,True
1778518233982,BTCUSDT,81630.4,0.001,True
1778518233982,BTCUSDT,81630.2,0.001,True
1778518233982,BTCUSDT,81630.1,0.002,True
1778518234035,BTCUSDT,81630.1,1.704,False
1778518234258,BTCUSDT,81630.0,0.002,True
1778518234469,BTCUSDT,81630.1,0.02,False
1778518234519,BTCUSDT,81630.0,0.006,True
1778518234630,BTCUSDT,81630.0,0.002,True
1778518234819,BTCUSDT,81630.0,0.002,True
1778518234895,BTCUSDT,81630.1,0.001,False
1778518235107,BTCUSDT,81630.1,0.002,False
1778518235270,BTCUSDT,81630.1,0.009,False
1778518235506,BTCUSDT,81630.0,0.116,True
1778518235651,BTCUSDT,81630.0,0.01,True
1778518235652,BTCUSDT,81630.1,0.005,False
1778518235755,BTCUSDT,81630.1,0.002,False
1778518235762,BTCUSDT,81630.0,0.018,True
1778518235786,BTCUSDT,81630.1,0.013,False
1778518235957,BTCUSDT,81630.1,0.001,False
1778518235976,BTCUSDT,81630.0,0.002,True
1778518236325,BTCUSDT,81630.0,0.082,True
1778518236452,BTCUSDT,81630.0,0.006,True
1778518236574,BTCUSDT,81630.1,0.167,False
1778518236729,BTCUSDT,81630.1,0.001,False
1778518236978,BTCUSDT,81630.0,2.511,True
1778518236978,BTCUSDT,81629.9,0.008,True
1778518236978,BTCUSDT,81629.8,0.001,True
1778518236978,BTCUSDT,81629.6,0.004,True
1778518236978,BTCUSDT,81629.5,0.003,True
1778518236978,BTCUSDT,81629.2,0.003,True
1778518236978,BTCUSDT,81629.1,0.002,True
1778518236979,BTCUSDT,81628.8,0.002,True
1778518236979,BTCUSDT,81628.3,0.003,True
1778518236979,BTCUSDT,81628.0,0.005,True
1778518236979,BTCUSDT,81627.9,0.001,True
1778518236979,BTCUSDT,81627.7,0.001,True
1778518236979,BTCUSDT,81627.6,0.001,True
1778518236979,BTCUSDT,81627.5,0.001,True
1778518236979,BTCUSDT,81627.4,0.003,True
1778518236979,BTCUSDT,81627.3,0.001,True
1778518236979,BTCUSDT,81627.2,0.001,True
1778518236979,BTCUSDT,81627.1,0.006,True
1778518236979,BTCUSDT,81626.8,0.006,True
1778518236979,BTCUSDT,81626.7,0.001,True
1778518236979,BTCUSDT,81626.5,0.001,True
1778518236979,BTCUSDT,81626.4,0.105,True
1778518236979,BTCUSDT,81626.3,0.043,True
1778518236979,BTCUSDT,81626.2,0.001,True
1778518236979,BTCUSDT,81626.1,0.035,True
1778518236979,BTCUSDT,81626.0,0.004,True
1778518236979,BTCUSDT,81625.9,0.001,True
1778518236979,BTCUSDT,81625.8,0.003,True
1778518236979,BTCUSDT,81625.6,0.065,True
1778518236979,BTCUSDT,81625.5,0.001,True
1778518236979,BTCUSDT,81625.3,0.001,True
1778518236979,BTCUSDT,81625.1,0.002,True
1778518236979,BTCUSDT,81625.1,0.002,True
1778518236979,BTCUSDT,81625.0,0.01,True
1778518236979,BTCUSDT,81624.9,0.018,True
1778518236979,BTCUSDT,81624.8,0.049,True
1778518236979,BTCUSDT,81624.7,0.001,True
1778518236979,BTCUSDT,81624.6,0.002,True
1778518236979,BTCUSDT,81624.3,0.003,True
1778518236979,BTCUSDT,81624.2,0.006,True
1778518236979,BTCUSDT,81624.0,0.004,True
1778518236979,BTCUSDT,81623.8,0.001,True
1778518236979,BTCUSDT,81623.7,0.002,True
1778518236979,BTCUSDT,81623.6,0.002,True
1778518236979,BTCUSDT,81623.5,0.001,True
1778518236979,BTCUSDT,81623.4,0.003,True
1778518236979,BTCUSDT,81623.2,0.018,True
1778518236979,BTCUSDT,81623.1,0.003,True
1778518236979,BTCUSDT,81623.0,0.121,True
1778518236979,BTCUSDT,81622.9,0.002,True
1778518236979,BTCUSDT,81622.8,0.025,True
1778518236979,BTCUSDT,81622.7,0.004,True
1778518236979,BTCUSDT,81622.5,0.001,True
1778518236979,BTCUSDT,81622.3,0.002,True
1778518236979,BTCUSDT,81622.2,0.002,True
1778518236979,BTCUSDT,81622.1,0.123,True
1778518236979,BTCUSDT,81622.0,0.003,True
1778518236979,BTCUSDT,81621.9,0.018,True
1778518236979,BTCUSDT,81621.8,0.05,True
1778518236979,BTCUSDT,81621.5,0.112,True
1778518236979,BTCUSDT,81621.4,0.813,True
1778518236979,BTCUSDT,81621.3,0.005,True
1778518236979,BTCUSDT,81621.2,0.006,True
1778518236979,BTCUSDT,81621.1,0.002,True
1778518236979,BTCUSDT,81621.0,0.001,True
1778518236979,BTCUSDT,81620.9,0.002,True
1778518236979,BTCUSDT,81620.8,0.368,True
1778518236979,BTCUSDT,81620.7,0.001,True
1778518236979,BTCUSDT,81620.6,0.04,True
1778518236979,BTCUSDT,81620.2,0.001,True
1778518236979,BTCUSDT,81620.1,0.002,True
1778518236979,BTCUSDT,81620.0,0.008,True
1778518236979,BTCUSDT,81619.9,0.695,True
1778518236979,BTCUSDT,81619.8,0.678,True
1778518236979,BTCUSDT,81619.7,0.513,True
1778518236984,BTCUSDT,81619.6,0.005,True
1778518236985,BTCUSDT,81619.7,0.002,False
1778518236986,BTCUSDT,81619.6,0.004,True
1778518236986,BTCUSDT,81619.7,0.004,False
1778518236992,BTCUSDT,81619.6,0.004,True
1778518237194,BTCUSDT,81619.7,0.031,False
1778518237384,BTCUSDT,81619.6,0.012,True
1778518237575,BTCUSDT,81619.7,0.005,False
1778518237757,BTCUSDT,81619.6,0.036,True
1778518237762,BTCUSDT,81619.7,0.002,False
1778518237799,BTCUSDT,81619.6,0.002,True
1778518237920,BTCUSDT,81619.6,0.017,True
1778518238061,BTCUSDT,81619.6,0.181,True
1778518238187,BTCUSDT,81619.7,0.005,False
1778518238423,BTCUSDT,81619.6,0.007,True
1778518238712,BTCUSDT,81619.6,0.423,True
1778518238835,BTCUSDT,81619.6,0.058,True
1778518238837,BTCUSDT,81619.5,0.001,True
1778518238837,BTCUSDT,81619.4,0.002,True
1778518238837,BTCUSDT,81619.3,0.005,True
1778518238837,BTCUSDT,81619.2,0.001,True
1778518238837,BTCUSDT,81618.7,0.014,True
1778518238838,BTCUSDT,81618.5,0.002,True
1778518238838,BTCUSDT,81618.4,0.001,True
1778518238838,BTCUSDT,81618.3,0.001,True
1778518238838,BTCUSDT,81618.2,0.01,True
1778518238838,BTCUSDT,81618.0,0.001,True
1778518239095,BTCUSDT,81617.9,0.049,True
1778518239508,BTCUSDT,81618.0,0.1,False
1778518239530,BTCUSDT,81617.9,0.037,True
1778518239769,BTCUSDT,81617.9,0.001,True
1778518239923,BTCUSDT,81618.0,0.556,False
1778518240069,BTCUSDT,81617.9,0.015,True
1778518240477,BTCUSDT,81617.9,0.012,True
1778518240712,BTCUSDT,81617.9,0.013,True
1778518241113,BTCUSDT,81617.9,0.032,True
1778518241265,BTCUSDT,81618.0,0.004,False
1778518241421,BTCUSDT,81618.0,0.002,False
1778518241591,BTCUSDT,81617.9,0.081,True
1778518242128,BTCUSDT,81617.9,0.012,True
1778518242299,BTCUSDT,81618.0,0.001,False
1778518242345,BTCUSDT,81617.9,0.99,True
1778518242355,BTCUSDT,81618.0,0.002,False
1778518242484,BTCUSDT,81617.9,0.162,True
1778518242486,BTCUSDT,81617.8,0.003,True
1778518242486,BTCUSDT,81617.7,0.002,True
1778518242486,BTCUSDT,81617.6,0.001,True
1778518242486,BTCUSDT,81617.5,0.001,True
1778518242486,BTCUSDT,81617.0,0.001,True
1778518242486,BTCUSDT,81616.8,0.002,True
1778518242486,BTCUSDT,81616.7,0.003,True
1778518242486,BTCUSDT,81616.6,0.001,True
1778518242486,BTCUSDT,81616.0,0.004,True
1778518242486,BTCUSDT,81615.9,0.001,True
1778518242514,BTCUSDT,81615.9,0.125,False
1778518242654,BTCUSDT,81615.8,0.37,True
1778518242658,BTCUSDT,81615.7,0.001,True
1778518242658,BTCUSDT,81615.6,0.001,True
1778518242659,BTCUSDT,81615.5,0.001,True
1778518242659,BTCUSDT,81615.4,0.001,True
1778518242659,BTCUSDT,81615.3,0.002,True
1778518242659,BTCUSDT,81615.2,0.005,True
1778518242660,BTCUSDT,81615.0,0.015,True
1778518242663,BTCUSDT,81614.9,0.003,True
1778518242663,BTCUSDT,81614.8,0.001,True
1778518242665,BTCUSDT,81614.6,0.005,True
1778518242665,BTCUSDT,81614.4,0.002,True
1778518242665,BTCUSDT,81614.3,0.006,True
1778518242665,BTCUSDT,81614.0,0.001,True
1778518242665,BTCUSDT,81613.9,0.001,True
1778518242665,BTCUSDT,81613.8,0.001,True
1778518242665,BTCUSDT,81613.7,0.001,True
1778518242665,BTCUSDT,81613.4,0.001,True
1778518242665,BTCUSDT,81613.2,0.001,True
1778518242665,BTCUSDT,81613.1,0.001,True
1778518242665,BTCUSDT,81613.0,0.002,True
1778518242828,BTCUSDT,81613.0,10.31,False
1778518242866,BTCUSDT,81612.9,0.007,True
1778518242986,BTCUSDT,81612.9,0.031,True
1778518243022,BTCUSDT,81613.0,0.001,False
1778518243436,BTCUSDT,81612.9,0.043,True
1778518243518,BTCUSDT,81613.0,1.815,False
1778518243521,BTCUSDT,81613.4,0.002,False
1778518243521,BTCUSDT,81613.5,0.002,False
1778518243521,BTCUSDT,81613.5,0.001,True
1778518243521,BTCUSDT,81613.6,0.042,False
1778518243526,BTCUSDT,81613.7,0.001,True
1778518243533,BTCUSDT,81613.8,0.205,False
1778518243535,BTCUSDT,81613.9,0.001,False
1778518243535,BTCUSDT,81614.0,0.002,False
1778518243535,BTCUSDT,81614.4,0.002,False
1778518243535,BTCUSDT,81614.5,0.001,False
1778518243535,BTCUSDT,81614.6,0.002,False
1778518243535,BTCUSDT,81614.7,0.001,False
1778518243535,BTCUSDT,81614.8,0.002,False
1778518243535,BTCUSDT,81615.0,0.003,False
1778518243535,BTCUSDT,81615.1,0.001,False
1778518243535,BTCUSDT,81615.4,0.001,False
1778518243535,BTCUSDT,81615.6,0.001,False
1778518243535,BTCUSDT,81615.8,0.001,False
1778518243538,BTCUSDT,81615.8,0.019,True
1778518243566,BTCUSDT,81615.9,0.109,False
1778518243566,BTCUSDT,81616.0,0.001,False
1778518243566,BTCUSDT,81616.1,0.001,False
1778518243566,BTCUSDT,81616.2,0.002,False
1778518243568,BTCUSDT,81616.4,0.002,False
1778518243568,BTCUSDT,81616.5,0.017,False
1778518243568,BTCUSDT,81616.6,0.001,False
1778518243569,BTCUSDT,81617.3,0.001,True
1778518243570,BTCUSDT,81617.4,0.003,False
1778518243570,BTCUSDT,81617.6,0.001,False
1778518243570,BTCUSDT,81617.8,0.001,False
1778518243570,BTCUSDT,81617.9,0.019,False
1778518243573,BTCUSDT,81617.9,0.001,True
1778518243793,BTCUSDT,81618.0,1.256,False
1778518243796,BTCUSDT,81618.1,0.002,False
1778518243796,BTCUSDT,81618.2,0.001,False
1778518243796,BTCUSDT,81618.3,0.006,False
1778518243796,BTCUSDT,81618.4,0.039,False
1778518243796,BTCUSDT,81618.3,0.001,True
1778518243798,BTCUSDT,81618.4,0.047,False
1778518243798,BTCUSDT,81618.3,0.001,True
1778518243836,BTCUSDT,81618.4,0.031,False
1778518244119,BTCUSDT,81618.3,0.005,True
1778518244271,BTCUSDT,81618.4,0.001,False
1778518244369,BTCUSDT,81618.3,0.038,True
1778518244567,BTCUSDT,81618.4,0.003,False
1778518244737,BTCUSDT,81618.3,0.009,True
1778518244983,BTCUSDT,81618.3,0.027,True
1778518245499,BTCUSDT,81618.3,1.056,True
1778518245740,BTCUSDT,81618.4,0.055,False
1778518245740,BTCUSDT,81618.3,0.002,True
1778518245856,BTCUSDT,81618.3,0.036,True
1778518246059,BTCUSDT,81618.4,0.031,False
1778518246222,BTCUSDT,81618.3,0.086,True
1778518246329,BTCUSDT,81618.3,0.004,True
1778518246455,BTCUSDT,81618.3,0.007,True
1778518246514,BTCUSDT,81618.4,0.025,False
1778518246563,BTCUSDT,81618.3,0.019,True
1778518246727,BTCUSDT,81618.4,0.001,False
1778518246788,BTCUSDT,81618.3,0.162,True
1778518246788,BTCUSDT,81618.2,0.003,True
1778518246788,BTCUSDT,81618.0,0.002,True
1778518246788,BTCUSDT,81617.9,0.005,True
1778518246788,BTCUSDT,81617.6,0.001,True
1778518246788,BTCUSDT,81616.8,0.042,True
1778518246790,BTCUSDT,81616.2,0.001,True
1778518247605,BTCUSDT,81616.0,0.001,True
1778518247628,BTCUSDT,81616.1,0.009,False
1778518247917,BTCUSDT,81616.0,0.012,True
1778518248535,BTCUSDT,81616.1,0.086,False
1778518249175,BTCUSDT,81616.0,0.015,True
1778518250112,BTCUSDT,81616.0,0.006,True
1778518250282,BTCUSDT,81616.0,0.02,True
1778518250481,BTCUSDT,81616.1,0.003,False
1778518250503,BTCUSDT,81616.0,0.003,True
1778518250617,BTCUSDT,81616.0,1.192,True
1778518250622,BTCUSDT,81615.9,0.002,True
1778518250622,BTCUSDT,81615.5,0.002,True
1778518250622,BTCUSDT,81615.4,0.001,True
1778518250622,BTCUSDT,81615.2,0.005,True
1778518250696,BTCUSDT,81615.1,0.15,True
1778518250755,BTCUSDT,81615.0,0.009,True
1778518250755,BTCUSDT,81614.9,0.001,True
1778518250755,BTCUSDT,81614.8,0.002,True
1778518250755,BTCUSDT,81614.5,0.001,True
1778518250755,BTCUSDT,81614.4,0.002,True
1778518250755,BTCUSDT,81614.0,0.001,True
1778518250758,BTCUSDT,81613.9,0.003,True
1778518250758,BTCUSDT,81613.0,0.009,True
1778518251104,BTCUSDT,81612.9,0.013,True
1778518251195,BTCUSDT,81613.0,0.001,False
1778518251267,BTCUSDT,81612.9,0.003,True
1778518251348,BTCUSDT,81613.0,0.002,False
1778518251390,BTCUSDT,81612.9,0.005,True
1778518251520,BTCUSDT,81612.9,0.042,True
1778518251873,BTCUSDT,81613.0,18.011,False
1778518251878,BTCUSDT,81613.1,0.004,False
1778518251878,BTCUSDT,81613.5,0.002,False
1778518251878,BTCUSDT,81613.6,0.001,False
1778518251878,BTCUSDT,81613.8,0.2,False
1778518251879,BTCUSDT,81614.0,0.04,False
1778518251879,BTCUSDT,81614.2,0.001,True
1778518251880,BTCUSDT,81614.5,0.001,False
1778518251883,BTCUSDT,81614.6,0.001,True
1778518251883,BTCUSDT,81614.8,0.001,False
1778518251883,BTCUSDT,81614.9,0.001,False
1778518251883,BTCUSDT,81615.0,0.002,False
1778518251883,BTCUSDT,81615.1,0.002,False
1778518251887,BTCUSDT,81615.6,0.002,False
1778518251887,BTCUSDT,81615.7,0.002,False
1778518251887,BTCUSDT,81615.8,0.001,False
1778518251887,BTCUSDT,81616.1,0.013,False
1778518251887,BTCUSDT,81616.3,0.002,False
1778518251887,BTCUSDT,81616.4,0.001,False
1778518251887,BTCUSDT,81616.5,0.018,False
1778518251887,BTCUSDT,81616.6,0.001,False
1778518251887,BTCUSDT,81616.7,0.001,False
1778518251887,BTCUSDT,81616.8,0.001,False
1778518251887,BTCUSDT,81616.9,0.061,False
1778518251887,BTCUSDT,81617.0,0.001,False
1778518251888,BTCUSDT,81616.8,0.001,True
1778518251890,BTCUSDT,81616.9,0.001,True
1778518251892,BTCUSDT,81617.5,0.001,False
1778518251893,BTCUSDT,81617.5,0.002,True
1778518251899,BTCUSDT,81617.6,0.014,False
1778518251930,BTCUSDT,81618.0,0.256,False
1778518252001,BTCUSDT,81618.4,0.291,False
1778518252005,BTCUSDT,81618.5,0.003,False
1778518252005,BTCUSDT,81618.6,0.002,False
1778518252005,BTCUSDT,81618.8,0.003,False
1778518252005,BTCUSDT,81619.2,0.007,False
1778518252053,BTCUSDT,81619.6,0.2,False
1778518252055,BTCUSDT,81619.7,0.016,False
1778518252055,BTCUSDT,81619.9,0.001,False
1778518252058,BTCUSDT,81620.0,0.012,False
1778518252059,BTCUSDT,81620.5,0.006,False
1778518252059,BTCUSDT,81620.6,0.002,False
1778518252059,BTCUSDT,81620.8,0.001,False
1778518252059,BTCUSDT,81621.4,0.001,False
1778518252059,BTCUSDT,81621.5,0.001,False
1778518252059,BTCUSDT,81621.9,0.001,False
1778518252059,BTCUSDT,81622.0,0.002,False
1778518252060,BTCUSDT,81622.5,0.002,False
1778518252060,BTCUSDT,81622.6,0.001,False
1778518252063,BTCUSDT,81623.0,0.002,False
1778518252063,BTCUSDT,81623.1,0.003,False
1778518252063,BTCUSDT,81623.3,0.005,False
1778518252063,BTCUSDT,81623.6,0.005,False
1778518252063,BTCUSDT,81623.8,0.002,False
1778518252063,BTCUSDT,81623.9,0.002,False
1778518252067,BTCUSDT,81624.0,0.044,False
1778518252082,BTCUSDT,81623.9,0.079,True
1778518252179,BTCUSDT,81624.0,2.275,False
1778518252214,BTCUSDT,81624.1,0.003,False
1778518252214,BTCUSDT,81624.7,0.001,False
1778518252222,BTCUSDT,81624.8,0.073,False
1778518252222,BTCUSDT,81624.9,0.002,False
1778518252222,BTCUSDT,81625.0,0.009,False
1778518252222,BTCUSDT,81625.1,0.001,False
1778518252289,BTCUSDT,81625.3,0.134,False
1778518252291,BTCUSDT,81625.5,0.005,False
1778518252341,BTCUSDT,81625.6,0.127,False
1778518252341,BTCUSDT,81625.9,0.001,False
1778518252341,BTCUSDT,81626.0,0.001,False
1778518252343,BTCUSDT,81626.2,0.002,False
1778518252343,BTCUSDT,81626.3,0.001,False
1778518252343,BTCUSDT,81626.5,0.002,False
1778518252343,BTCUSDT,81626.8,0.014,False
1778518252343,BTCUSDT,81627.2,0.001,False
1778518252352,BTCUSDT,81627.3,0.007,False
1778518252354,BTCUSDT,81627.5,0.001,False
1778518252354,BTCUSDT,81627.8,0.003,False
1778518252354,BTCUSDT,81628.0,0.001,False
1778518252354,BTCUSDT,81628.1,0.004,False
1778518252354,BTCUSDT,81628.2,0.003,False
1778518252354,BTCUSDT,81628.4,0.001,False
1778518252354,BTCUSDT,81628.6,0.001,False
1778518252354,BTCUSDT,81628.7,0.001,False
1778518252354,BTCUSDT,81628.9,0.003,False
1778518252355,BTCUSDT,81629.0,0.003,False
1778518252355,BTCUSDT,81629.1,0.001,False
1778518252355,BTCUSDT,81629.5,0.002,False
1778518252355,BTCUSDT,81629.6,0.001,False
1778518252358,BTCUSDT,81629.7,0.002,False
1778518252358,BTCUSDT,81629.8,0.005,False
1778518252358,BTCUSDT,81630.0,0.002,False
1778518252359,BTCUSDT,81630.1,0.05,False
1778518252373,BTCUSDT,81630.2,1.459,False
1778518252373,BTCUSDT,81630.3,0.004,False
1778518252373,BTCUSDT,81630.7,0.001,False
1778518252373,BTCUSDT,81631.0,0.001,False
1778518252373,BTCUSDT,81631.2,0.001,False
1778518252373,BTCUSDT,81631.3,0.001,False
1778518252373,BTCUSDT,81631.4,0.001,False
1778518252373,BTCUSDT,81631.6,0.001,False
1778518252373,BTCUSDT,81631.9,0.004,False
1778518252373,BTCUSDT,81632.0,0.002,False
1778518252373,BTCUSDT,81632.1,0.001,False
1778518252373,BTCUSDT,81632.3,0.001,False
1778518252373,BTCUSDT,81632.4,0.001,False
1778518252373,BTCUSDT,81632.8,0.001,False
1778518252373,BTCUSDT,81632.9,0.002,False
1778518252373,BTCUSDT,81633.1,0.004,False
1778518252373,BTCUSDT,81633.2,0.003,False
1778518252373,BTCUSDT,81633.3,0.003,False
1778518252373,BTCUSDT,81633.4,0.003,False
1778518252373,BTCUSDT,81633.7,0.001,False
1778518252373,BTCUSDT,81633.9,0.005,False
1778518252396,BTCUSDT,81633.9,0.002,True
1778518252434,BTCUSDT,81634.0,0.031,False
1778518252437,BTCUSDT,81634.2,0.001,False
1778518252437,BTCUSDT,81634.3,0.001,False
1778518252437,BTCUSDT,81634.6,0.001,False
1778518252437,BTCUSDT,81635.0,0.002,False
1778518252455,BTCUSDT,81635.1,0.004,False
1778518252457,BTCUSDT,81635.2,0.001,False
1778518252457,BTCUSDT,81635.4,0.001,False
1778518252457,BTCUSDT,81635.5,0.001,False
1778518252968,BTCUSDT,81635.9,0.138,True
1778518253023,BTCUSDT,81636.0,3.279,False
1778518253027,BTCUSDT,81636.1,0.033,False
1778518253031,BTCUSDT,81636.2,0.001,False
1778518253031,BTCUSDT,81636.3,0.001,False
1778518253031,BTCUSDT,81636.8,0.034,False
1778518253110,BTCUSDT,81636.7,0.029,True
1778518253325,BTCUSDT,81636.7,0.073,True
1778518253471,BTCUSDT,81636.7,0.002,True
1778518253622,BTCUSDT,81636.7,0.013,True
1778518253822,BTCUSDT,81636.7,0.022,True
1778518253927,BTCUSDT,81636.7,0.011,True
1778518254064,BTCUSDT,81636.8,0.061,False
1778518254203,BTCUSDT,81636.8,0.718,False
1778518254205,BTCUSDT,81637.0,0.002,False
1778518254205,BTCUSDT,81637.1,0.002,False
1778518254205,BTCUSDT,81637.3,0.003,False
1778518254209,BTCUSDT,81637.5,0.032,False
1778518254300,BTCUSDT,81637.5,0.007,True
1778518254451,BTCUSDT,81637.6,0.022,False
1778518254460,BTCUSDT,81637.7,0.002,False
1778518254460,BTCUSDT,81637.9,0.001,False
1778518254464,BTCUSDT,81637.9,0.019,True
1778518254660,BTCUSDT,81638.0,0.001,False
1778518255071,BTCUSDT,81637.9,0.103,True
1778518255440,BTCUSDT,81637.9,0.157,True
1778518255563,BTCUSDT,81637.9,0.106,True
1778518255868,BTCUSDT,81637.9,0.099,True
1778518256465,BTCUSDT,81637.9,0.564,True
1778518256807,BTCUSDT,81637.9,0.004,True
1778518256904,BTCUSDT,81638.0,0.002,False
1778518257109,BTCUSDT,81637.9,0.025,True
1778518257183,BTCUSDT,81638.0,0.131,False
1778518257411,BTCUSDT,81637.9,0.012,True
1778518257840,BTCUSDT,81637.9,0.001,True
1778518257994,BTCUSDT,81637.9,0.073,True
1778518258088,BTCUSDT,81638.0,0.053,False
1778518258131,BTCUSDT,81637.9,0.02,True
1778518258487,BTCUSDT,81637.9,0.004,True
1778518258594,BTCUSDT,81638.0,0.026,False
1778518258901,BTCUSDT,81637.9,0.028,True
1778518258932,BTCUSDT,81638.0,0.012,False
1778518258967,BTCUSDT,81637.9,0.05,True
1778518259110,BTCUSDT,81637.9,0.031,True
1778518259211,BTCUSDT,81638.0,0.001,False
1778518259316,BTCUSDT,81637.9,0.004,True
1778518259474,BTCUSDT,81638.0,0.038,False
1778518259695,BTCUSDT,81637.9,0.025,True
1778518260554,BTCUSDT,81638.0,0.008,False
1778518260661,BTCUSDT,81638.0,0.768,False
1778518260808,BTCUSDT,81638.1,0.503,False
1778518260808,BTCUSDT,81638.2,0.001,False
1778518260808,BTCUSDT,81638.6,0.001,False
1778518260808,BTCUSDT,81638.7,0.001,False
1778518260808,BTCUSDT,81638.8,0.2,False
1778518260808,BTCUSDT,81639.0,0.018,False
1778518260808,BTCUSDT,81639.1,0.006,False
1778518260808,BTCUSDT,81639.5,0.001,False
1778518260808,BTCUSDT,81639.7,0.108,False
1778518260808,BTCUSDT,81639.9,0.001,False
1778518260813,BTCUSDT,81640.0,0.004,False
1778518260813,BTCUSDT,81640.1,0.001,False
1778518260813,BTCUSDT,81640.2,0.001,False
1778518260813,BTCUSDT,81640.4,0.004,False
1778518260813,BTCUSDT,81640.5,0.002,False
1778518260813,BTCUSDT,81640.6,0.001,False
1778518260813,BTCUSDT,81641.1,0.001,False
1778518260813,BTCUSDT,81641.2,0.004,False
1778518260813,BTCUSDT,81641.3,0.002,False
1778518260813,BTCUSDT,81641.5,0.001,False
1778518260819,BTCUSDT,81641.8,0.06,False
1778518260822,BTCUSDT,81641.9,0.001,False
1778518260822,BTCUSDT,81642.0,0.009,False
1778518260822,BTCUSDT,81642.1,0.003,False
1778518260822,BTCUSDT,81642.2,0.001,False
1778518260822,BTCUSDT,81642.4,0.002,False
1778518260826,BTCUSDT,81642.9,0.003,False
1778518260826,BTCUSDT,81643.0,0.002,False
1778518260826,BTCUSDT,81643.2,0.001,False
1778518260826,BTCUSDT,81643.7,0.004,False
1778518260831,BTCUSDT,81644.0,0.044,False
1778518260911,BTCUSDT,81643.9,0.987,True
1778518261173,BTCUSDT,81644.0,0.007,False
1778518261175,BTCUSDT,81643.9,0.007,True
1778518261179,BTCUSDT,81644.0,0.005,False
1778518261302,BTCUSDT,81643.9,0.003,True
1778518261302,BTCUSDT,81644.0,0.001,False
1778518261337,BTCUSDT,81643.9,0.019,True
1778518261415,BTCUSDT,81644.0,0.002,False
1778518261552,BTCUSDT,81644.0,0.001,False
1778518261702,BTCUSDT,81644.0,0.001,False
1778518261711,BTCUSDT,81643.9,0.001,True
1778518261752,BTCUSDT,81644.0,0.002,False
1778518261881,BTCUSDT,81644.0,0.003,False
1778518262152,BTCUSDT,81644.0,0.001,False
1778518262279,BTCUSDT,81644.0,0.003,False
1778518262415,BTCUSDT,81643.9,1.14,True
1778518262662,BTCUSDT,81644.0,0.34,False
1778518262662,BTCUSDT,81644.1,0.002,False
1778518262662,BTCUSDT,81644.2,0.001,False
1778518262662,BTCUSDT,81644.3,0.001,False
1778518262662,BTCUSDT,81644.6,0.001,False
1778518262662,BTCUSDT,81644.8,0.2,False
1778518262662,BTCUSDT,81644.9,0.001,False
1778518262662,BTCUSDT,81645.0,0.002,False
1778518262662,BTCUSDT,81645.1,0.001,False
1778518262662,BTCUSDT,81645.3,0.019,False
1778518262662,BTCUSDT,81645.9,0.002,False
1778518262662,BTCUSDT,81646.0,0.002,False
1778518262662,BTCUSDT,81646.1,0.001,False
1778518262662,BTCUSDT,81646.3,0.001,False
1778518262662,BTCUSDT,81646.5,0.001,False
1778518262662,BTCUSDT,81646.8,0.001,False
1778518262662,BTCUSDT,81646.9,0.002,False
1778518262662,BTCUSDT,81647.0,0.001,False
1778518262662,BTCUSDT,81647.1,0.008,False
1778518262662,BTCUSDT,81647.2,0.002,False
1778518262662,BTCUSDT,81647.4,0.002,False
1778518262662,BTCUSDT,81647.5,0.001,False
1778518262662,BTCUSDT,81647.7,0.002,False
1778518262662,BTCUSDT,81647.8,0.001,False
1778518262672,BTCUSDT,81648.0,0.002,False
1778518262672,BTCUSDT,81648.1,0.006,False
1778518262672,BTCUSDT,81648.2,0.001,False
1778518262672,BTCUSDT,81648.3,0.001,False
1778518262672,BTCUSDT,81648.4,0.001,False
1778518262672,BTCUSDT,81648.5,0.001,False
1778518262672,BTCUSDT,81648.6,0.002,False
1778518262672,BTCUSDT,81648.9,0.001,False
1778518262672,BTCUSDT,81649.0,0.001,False
1778518262676,BTCUSDT,81649.1,0.001,False
1778518262676,BTCUSDT,81649.2,0.001,False
1778518262676,BTCUSDT,81649.4,0.001,False
1778518262676,BTCUSDT,81649.5,0.001,False
1778518262676,BTCUSDT,81649.6,0.001,False
1778518262684,BTCUSDT,81650.0,0.006,False
1778518262684,BTCUSDT,81650.1,0.001,False
1778518262684,BTCUSDT,81650.2,0.003,False
1778518262684,BTCUSDT,81650.5,0.004,False
1778518262684,BTCUSDT,81650.8,0.002,False
1778518262692,BTCUSDT,81651.0,0.002,False
1778518262692,BTCUSDT,81651.1,0.003,False
1778518262692,BTCUSDT,81651.2,0.001,False
1778518262692,BTCUSDT,81651.3,0.001,False
1778518262697,BTCUSDT,81651.4,0.001,False
1778518262697,BTCUSDT,81651.6,0.001,False
1778518262697,BTCUSDT,81651.8,0.001,False
1778518262697,BTCUSDT,81652.0,0.004,False
1778518262697,BTCUSDT,81652.1,0.001,False
1778518262697,BTCUSDT,81652.4,0.003,False
1778518262697,BTCUSDT,81652.9,0.002,False
1778518262697,BTCUSDT,81653.2,0.035,False
1778518262748,BTCUSDT,81653.2,0.084,True
1778518263075,BTCUSDT,81653.2,0.014,True
1778518263141,BTCUSDT,81653.3,0.089,False
1778518263142,BTCUSDT,81653.8,0.001,False
1778518263142,BTCUSDT,81653.9,0.003,False
1778518263142,BTCUSDT,81654.0,0.002,False
1778518263166,BTCUSDT,81654.0,0.369,True
1778518263423,BTCUSDT,81654.0,0.001,True
1778518264110,BTCUSDT,81654.0,0.367,True
1778518264268,BTCUSDT,81654.1,0.277,False
1778518264268,BTCUSDT,81654.2,0.022,False
1778518264268,BTCUSDT,81654.3,0.002,False
1778518264268,BTCUSDT,81654.4,0.001,False
1778518264268,BTCUSDT,81654.5,0.002,False
1778518264268,BTCUSDT,81654.6,0.001,False
1778518264268,BTCUSDT,81654.8,0.001,False
1778518264268,BTCUSDT,81655.0,0.003,False
1778518264270,BTCUSDT,81655.3,0.002,False
1778518264270,BTCUSDT,81655.4,0.021,False
1778518264270,BTCUSDT,81655.5,0.003,False
1778518264270,BTCUSDT,81655.6,0.004,False
1778518264270,BTCUSDT,81656.0,0.001,False
1778518264270,BTCUSDT,81656.1,0.001,False
1778518264271,BTCUSDT,81656.2,0.001,False
1778518264271,BTCUSDT,81656.7,0.001,False
1778518264273,BTCUSDT,81657.2,0.002,False
1778518264275,BTCUSDT,81657.5,0.131,False
1778518264287,BTCUSDT,81657.6,0.001,False
1778518264287,BTCUSDT,81657.7,0.001,False
1778518264287,BTCUSDT,81657.8,0.001,False
1778518264287,BTCUSDT,81658.0,0.001,False
1778518264365,BTCUSDT,81658.0,0.367,True
1778518264517,BTCUSDT,81658.1,0.013,False
1778518264742,BTCUSDT,81658.0,2.778,True
1778518264958,BTCUSDT,81658.1,0.001,False
1778518265120,BTCUSDT,81658.1,0.212,False
1778518265139,BTCUSDT,81658.2,0.004,False
1778518265147,BTCUSDT,81658.3,0.144,False
1778518265147,BTCUSDT,81658.5,0.014,False
1778518265148,BTCUSDT,81658.8,0.001,False
1778518265148,BTCUSDT,81658.9,0.202,False
1778518265148,BTCUSDT,81659.0,0.001,False
1778518265148,BTCUSDT,81659.5,0.001,False
1778518265148,BTCUSDT,81659.8,0.001,False
1778518265148,BTCUSDT,81660.0,0.003,False
1778518265148,BTCUSDT,81660.4,0.001,False
1778518265148,BTCUSDT,81660.5,0.002,False
1778518265153,BTCUSDT,81661.3,0.001,False
1778518265153,BTCUSDT,81661.5,0.002,False
1778518265153,BTCUSDT,81661.6,0.001,False
1778518265153,BTCUSDT,81661.7,0.003,True
1778518265159,BTCUSDT,81661.9,0.002,False
1778518265159,BTCUSDT,81662.0,0.001,False
1778518265159,BTCUSDT,81662.1,0.002,False
1778518265159,BTCUSDT,81662.6,0.002,False
1778518265159,BTCUSDT,81663.1,0.001,False
1778518265159,BTCUSDT,81663.2,0.001,False
1778518265159,BTCUSDT,81663.3,0.001,False
1778518265159,BTCUSDT,81663.4,0.001,False
1778518265159,BTCUSDT,81663.7,0.015,False
1778518265165,BTCUSDT,81663.8,0.053,False
1778518265448,BTCUSDT,81663.8,0.183,False
1778518265535,BTCUSDT,81663.7,0.136,True
1778518265548,BTCUSDT,81663.8,0.072,False
1778518265792,BTCUSDT,81663.8,0.002,False
1778518266250,BTCUSDT,81663.7,0.002,True
1778518266488,BTCUSDT,81663.7,0.001,True
1778518266717,BTCUSDT,81663.7,0.551,True
1778518267365,BTCUSDT,81663.7,0.011,True
1778518267680,BTCUSDT,81663.7,0.031,True
1778518267839,BTCUSDT,81663.7,0.004,True
1778518268113,BTCUSDT,81663.8,0.002,False
1778518268246,BTCUSDT,81663.7,0.807,True
1778518268307,BTCUSDT,81663.8,0.001,False
1778518268359,BTCUSDT,81663.7,0.005,True
1778518268471,BTCUSDT,81663.7,0.001,True
1778518268734,BTCUSDT,81663.7,0.002,True
1778518268769,BTCUSDT,81663.8,0.036,False
1778518268862,BTCUSDT,81663.7,0.159,True
1778518268953,BTCUSDT,81663.8,0.001,False
1778518269100,BTCUSDT,81663.8,0.002,False
1778518269625,BTCUSDT,81663.7,0.645,True
1778518269688,BTCUSDT,81663.6,0.239,True
1778518269688,BTCUSDT,81663.5,0.002,True
1778518269688,BTCUSDT,81663.2,0.076,True
1778518269688,BTCUSDT,81662.7,0.001,True
1778518269693,BTCUSDT,81662.5,0.002,True
1778518269693,BTCUSDT,81662.0,0.001,True
1778518269693,BTCUSDT,81661.7,0.003,True
1778518269693,BTCUSDT,81661.3,0.001,True
1778518269693,BTCUSDT,81661.0,0.001,True
1778518269693,BTCUSDT,81660.9,0.001,True
1778518269699,BTCUSDT,81660.7,0.001,True
1778518269699,BTCUSDT,81660.6,0.011,True
1778518270045,BTCUSDT,81660.2,1.361,False
1778518270201,BTCUSDT,81660.1,0.014,True
1778518270451,BTCUSDT,81660.1,0.025,True
1778518270609,BTCUSDT,81660.1,0.013,True
1778518271340,BTCUSDT,81660.1,0.009,True
1778518271563,BTCUSDT,81660.2,0.001,False
1778518271773,BTCUSDT,81660.1,0.05,True
1778518271970,BTCUSDT,81660.1,0.758,True
1778518272309,BTCUSDT,81660.1,0.001,True
1778518272424,BTCUSDT,81660.2,0.012,False
1778518272466,BTCUSDT,81660.1,0.585,True
1778518272565,BTCUSDT,81660.0,0.024,True
1778518272565,BTCUSDT,81659.9,0.014,True
1778518272565,BTCUSDT,81658.9,0.001,True
1778518272565,BTCUSDT,81658.6,0.002,True
1778518272565,BTCUSDT,81658.5,0.001,True
1778518272565,BTCUSDT,81658.4,0.006,True
1778518272565,BTCUSDT,81658.3,0.001,True
1778518272565,BTCUSDT,81658.0,0.013,True
1778518272565,BTCUSDT,81657.9,0.003,True
1778518272565,BTCUSDT,81657.8,0.002,True
1778518272565,BTCUSDT,81657.6,0.02,True
1778518272565,BTCUSDT,81657.5,0.001,True
1778518272565,BTCUSDT,81657.3,0.001,True
1778518272565,BTCUSDT,81657.2,0.001,True
1778518272568,BTCUSDT,81656.8,0.002,True
1778518272568,BTCUSDT,81656.6,0.001,True
1778518272568,BTCUSDT,81656.5,0.001,True
1778518272568,BTCUSDT,81656.3,0.001,True
1778518272568,BTCUSDT,81656.0,0.005,True
1778518272568,BTCUSDT,81655.7,0.002,True
1778518272568,BTCUSDT,81655.5,0.014,True
1778518272568,BTCUSDT,81655.4,0.002,True
1778518272578,BTCUSDT,81655.1,0.193,True
1778518272581,BTCUSDT,81655.0,0.009,True
1778518272586,BTCUSDT,81654.6,0.001,True
1778518272586,BTCUSDT,81654.4,0.001,True
1778518272587,BTCUSDT,81654.0,0.109,True
1778518272594,BTCUSDT,81653.6,0.003,True
1778518272594,BTCUSDT,81653.1,0.001,True
1778518272594,BTCUSDT,81653.0,0.001,True
1778518272594,BTCUSDT,81652.8,0.002,True
1778518272594,BTCUSDT,81652.6,0.001,True
1778518272594,BTCUSDT,81652.5,0.001,True
1778518272594,BTCUSDT,81652.3,0.001,True
1778518272594,BTCUSDT,81652.2,0.001,True
1778518272594,BTCUSDT,81652.0,0.003,True
1778518272594,BTCUSDT,81651.9,0.014,True
1778518272595,BTCUSDT,81651.7,0.001,True
1778518272595,BTCUSDT,81651.4,0.001,True
1778518272595,BTCUSDT,81651.3,0.001,True
1778518272608,BTCUSDT,81651.1,0.005,True
1778518272608,BTCUSDT,81651.0,0.001,True
1778518272608,BTCUSDT,81650.7,0.003,True
1778518272625,BTCUSDT,81650.5,0.002,True
1778518272625,BTCUSDT,81650.4,0.001,True
1778518272625,BTCUSDT,81650.1,0.001,True
1778518272636,BTCUSDT,81650.0,0.001,True
1778518272636,BTCUSDT,81649.6,0.002,True
1778518272636,BTCUSDT,81649.2,0.001,True
1778518272636,BTCUSDT,81648.9,0.001,True
1778518272636,BTCUSDT,81648.8,0.001,True
1778518272636,BTCUSDT,81648.7,0.003,True
1778518272636,BTCUSDT,81648.5,0.003,True
1778518272636,BTCUSDT,81648.4,0.001,True
1778518272647,BTCUSDT,81648.2,0.004,True
1778518272669,BTCUSDT,81648.1,0.033,True
1778518272669,BTCUSDT,81648.0,0.006,True
1778518272675,BTCUSDT,81647.9,0.009,True
1778518272675,BTCUSDT,81647.6,0.001,True
1778518272682,BTCUSDT,81647.5,0.002,True
1778518272682,BTCUSDT,81647.2,0.001,True
1778518272687,BTCUSDT,81646.9,0.013,True
1778518272687,BTCUSDT,81646.8,0.001,True
1778518272687,BTCUSDT,81646.7,0.001,True
1778518272687,BTCUSDT,81646.6,0.001,True
1778518272687,BTCUSDT,81646.2,0.004,True
1778518272687,BTCUSDT,81646.0,0.002,True
1778518272687,BTCUSDT,81645.8,0.001,True
1778518272687,BTCUSDT,81645.6,0.001,True
1778518272687,BTCUSDT,81645.2,0.001,True
1778518272692,BTCUSDT,81645.1,0.001,True
1778518272692,BTCUSDT,81645.0,0.002,True
1778518272694,BTCUSDT,81644.8,0.031,True
1778518272694,BTCUSDT,81644.6,0.001,True
1778518272694,BTCUSDT,81644.0,0.004,True
1778518272694,BTCUSDT,81643.9,0.103,True
1778518272694,BTCUSDT,81643.8,0.008,True
1778518272694,BTCUSDT,81643.4,0.001,True
1778518272694,BTCUSDT,81643.1,0.001,True
1778518272694,BTCUSDT,81643.0,0.005,True
1778518272694,BTCUSDT,81642.6,0.001,True
1778518272694,BTCUSDT,81642.5,0.002,True
1778518272694,BTCUSDT,81642.4,0.002,True
1778518272694,BTCUSDT,81642.3,0.003,True
1778518272694,BTCUSDT,81642.0,0.044,True
1778518272694,BTCUSDT,81641.9,0.001,True
1778518272694,BTCUSDT,81641.7,0.046,True
1778518272694,BTCUSDT,81641.6,0.001,True
1778518272694,BTCUSDT,81641.5,0.003,True
1778518272694,BTCUSDT,81641.4,0.589,True
1778518272808,BTCUSDT,81641.5,0.003,False
1778518273060,BTCUSDT,81641.5,0.033,False
1778518273305,BTCUSDT,81641.4,0.088,True
1778518273409,BTCUSDT,81641.4,0.01,True
1778518273567,BTCUSDT,81641.5,0.005,False
1778518273888,BTCUSDT,81641.5,0.001,False
1778518274183,BTCUSDT,81641.4,0.054,True
1778518274183,BTCUSDT,81641.3,0.008,True
1778518274183,BTCUSDT,81641.2,0.002,True
1778518274183,BTCUSDT,81641.1,0.001,True
1778518274183,BTCUSDT,81640.9,0.001,True
1778518274183,BTCUSDT,81640.5,0.003,True
1778518274183,BTCUSDT,81640.4,0.001,True
1778518274183,BTCUSDT,81640.0,0.002,True
1778518274183,BTCUSDT,81639.5,0.003,True
1778518274183,BTCUSDT,81639.4,0.002,True
1778518274183,BTCUSDT,81639.2,0.002,True
1778518274183,BTCUSDT,81639.1,0.001,True
1778518274183,BTCUSDT,81639.0,0.001,True
1778518274183,BTCUSDT,81638.9,0.004,True
1778518274183,BTCUSDT,81638.5,0.001,True
1778518274183,BTCUSDT,81638.4,0.001,True
1778518274183,BTCUSDT,81638.3,0.073,True
1778518274183,BTCUSDT,81638.2,0.002,True
1778518274183,BTCUSDT,81638.1,0.099,True
1778518274183,BTCUSDT,81638.0,0.005,True
1778518274183,BTCUSDT,81637.9,0.186,True
1778518274183,BTCUSDT,81637.5,0.002,True
1778518274183,BTCUSDT,81637.4,0.001,True
1778518274183,BTCUSDT,81637.3,0.002,True
1778518274183,BTCUSDT,81637.1,0.002,True
1778518274183,BTCUSDT,81636.8,0.081,True
1778518274183,BTCUSDT,81636.5,0.002,True
1778518274183,BTCUSDT,81636.3,0.001,True
1778518274183,BTCUSDT,81636.2,0.001,True
1778518274183,BTCUSDT,81636.1,0.002,True
1778518274183,BTCUSDT,81636.0,0.005,True
1778518274183,BTCUSDT,81635.9,0.022,True
1778518274183,BTCUSDT,81635.8,0.001,True
1778518274183,BTCUSDT,81635.7,0.004,True
1778518274183,BTCUSDT,81635.6,0.001,True
1778518274183,BTCUSDT,81635.5,0.001,True
1778518274183,BTCUSDT,81635.4,0.001,True
1778518274183,BTCUSDT,81635.3,0.002,True
1778518274183,BTCUSDT,81635.2,0.001,True
1778518274183,BTCUSDT,81635.1,0.001,True
1778518274183,BTCUSDT,81635.0,0.005,True
1778518274194,BTCUSDT,81634.9,0.001,True
1778518274194,BTCUSDT,81634.7,0.001,True
1778518274194,BTCUSDT,81634.4,0.006,True
1778518274194,BTCUSDT,81634.2,0.001,True
1778518274194,BTCUSDT,81634.1,0.003,True
1778518274206,BTCUSDT,81634.2,0.002,False
1778518274264,BTCUSDT,81634.0,0.032,True
1778518274292,BTCUSDT,81633.9,0.001,True
1778518274292,BTCUSDT,81633.8,0.002,True
1778518274292,BTCUSDT,81633.2,0.014,True
1778518274292,BTCUSDT,81633.1,0.002,True
1778518274292,BTCUSDT,81633.0,0.001,True
1778518274292,BTCUSDT,81632.7,0.002,True
1778518274292,BTCUSDT,81632.5,0.137,True
1778518274329,BTCUSDT,81632.4,0.003,True
1778518274329,BTCUSDT,81632.3,0.002,True
1778518274329,BTCUSDT,81632.2,0.001,True
1778518274329,BTCUSDT,81632.0,0.002,True
1778518274329,BTCUSDT,81631.8,0.001,True
1778518274329,BTCUSDT,81630.8,0.001,True
1778518274329,BTCUSDT,81630.7,0.001,True
1778518274329,BTCUSDT,81630.4,0.002,True
1778518274329,BTCUSDT,81630.2,0.002,True
1778518274329,BTCUSDT,81630.1,0.005,True
1778518274329,BTCUSDT,81630.0,0.003,True
1778518274334,BTCUSDT,81629.9,0.002,True
1778518274334,BTCUSDT,81629.7,0.002,True
1778518274342,BTCUSDT,81629.6,0.035,True
1778518274404,BTCUSDT,81629.5,0.001,True
1778518274404,BTCUSDT,81629.2,0.002,True
1778518274404,BTCUSDT,81629.1,0.001,True
1778518274404,BTCUSDT,81628.0,0.002,True
1778518274405,BTCUSDT,81627.9,0.001,True
1778518274405,BTCUSDT,81627.8,0.004,True
1778518274405,BTCUSDT,81627.4,0.002,True
1778518274405,BTCUSDT,81627.3,0.001,True
1778518274405,BTCUSDT,81627.2,0.001,True
1778518274405,BTCUSDT,81627.1,0.005,True
1778518274405,BTCUSDT,81626.8,0.001,True
1778518274405,BTCUSDT,81626.7,0.001,True
1778518274405,BTCUSDT,81626.5,0.001,True
1778518274405,BTCUSDT,81626.4,0.001,True
1778518274439,BTCUSDT,81626.3,0.034,True
1778518274439,BTCUSDT,81626.1,0.002,True
1778518274439,BTCUSDT,81626.0,0.001,True
1778518274443,BTCUSDT,81625.9,0.012,True
1778518274444,BTCUSDT,81625.8,0.002,True
1778518274444,BTCUSDT,81625.7,0.002,True
1778518274444,BTCUSDT,81625.6,0.001,True
1778518274444,BTCUSDT,81625.1,0.002,True
1778518274444,BTCUSDT,81625.0,0.002,True
1778518274585,BTCUSDT,81624.8,0.005,True
1778518274585,BTCUSDT,81624.6,0.002,True
1778518274585,BTCUSDT,81624.5,0.001,True
1778518274585,BTCUSDT,81624.3,0.001,True
1778518274585,BTCUSDT,81624.2,0.003,True
1778518274585,BTCUSDT,81624.1,0.001,True
1778518274585,BTCUSDT,81624.0,0.003,True
1778518274585,BTCUSDT,81623.9,0.001,True
1778518274585,BTCUSDT,81623.7,0.001,True
1778518274585,BTCUSDT,81623.6,0.001,True
1778518274585,BTCUSDT,81623.5,0.001,True
1778518274610,BTCUSDT,81623.4,0.023,True
1778518274612,BTCUSDT,81623.3,0.001,True
1778518274612,BTCUSDT,81623.2,0.002,True
1778518274612,BTCUSDT,81623.1,0.001,True
1778518274612,BTCUSDT,81622.7,0.001,True
1778518274612,BTCUSDT,81622.4,0.001,True
1778518274612,BTCUSDT,81622.3,0.001,True
1778518274612,BTCUSDT,81622.0,0.001,True
1778518274612,BTCUSDT,81621.5,0.001,True
1778518274612,BTCUSDT,81621.4,0.003,True
1778518274612,BTCUSDT,81621.1,0.001,True
1778518274612,BTCUSDT,81621.0,0.001,True
1778518274612,BTCUSDT,81620.9,0.002,True
1778518274612,BTCUSDT,81620.8,0.001,True
1778518274612,BTCUSDT,81620.4,0.001,True
1778518274612,BTCUSDT,81620.3,0.001,True
1778518274615,BTCUSDT,81620.0,0.022,True
1778518274779,BTCUSDT,81620.1,0.004,False
1778518275070,BTCUSDT,81620.0,0.309,True
1778518275209,BTCUSDT,81620.0,0.509,True
1778518275262,BTCUSDT,81619.9,0.001,True
1778518275262,BTCUSDT,81619.8,0.001,True
1778518275262,BTCUSDT,81619.7,0.002,True
1778518275262,BTCUSDT,81619.5,0.001,True
1778518275262,BTCUSDT,81619.4,0.001,True
1778518275262,BTCUSDT,81619.3,0.005,True
1778518275262,BTCUSDT,81619.2,0.001,True
1778518275262,BTCUSDT,81619.0,0.001,True
1778518275262,BTCUSDT,81618.8,0.004,True
1778518275262,BTCUSDT,81618.5,0.002,True
1778518275262,BTCUSDT,81618.2,0.001,True
1778518275262,BTCUSDT,81618.0,0.003,True
1778518275459,BTCUSDT,81617.9,0.678,True
1778518275723,BTCUSDT,81617.9,0.014,True
1778518276150,BTCUSDT,81618.0,0.943,False
1778518276153,BTCUSDT,81618.1,0.132,False
1778518276153,BTCUSDT,81618.2,0.002,False
1778518276153,BTCUSDT,81618.5,0.002,False
1778518276153,BTCUSDT,81618.8,0.2,False
1778518276153,BTCUSDT,81619.0,0.001,False
1778518276154,BTCUSDT,81619.3,0.001,True
1778518276373,BTCUSDT,81619.3,0.367,True
1778518276378,BTCUSDT,81619.4,0.269,False
1778518276379,BTCUSDT,81619.5,0.001,False
1778518276379,BTCUSDT,81619.6,0.002,False
1778518276379,BTCUSDT,81620.0,0.001,False
1778518276379,BTCUSDT,81620.1,0.019,False
1778518276380,BTCUSDT,81620.1,0.001,True
1778518276430,BTCUSDT,81620.2,0.056,False
1778518276462,BTCUSDT,81620.3,0.001,False
1778518276462,BTCUSDT,81620.4,0.001,False
1778518276462,BTCUSDT,81620.9,0.002,False
1778518276462,BTCUSDT,81621.3,0.001,False
1778518276462,BTCUSDT,81621.4,0.001,False
1778518276462,BTCUSDT,81621.8,0.001,False
1778518276462,BTCUSDT,81622.0,0.001,False
1778518276462,BTCUSDT,81622.1,0.001,False
1778518276465,BTCUSDT,81622.3,0.714,True
1778518276818,BTCUSDT,81622.3,0.003,True
1778518276919,BTCUSDT,81622.3,0.002,True
1778518277380,BTCUSDT,81622.3,0.001,True
1778518277490,BTCUSDT,81622.3,0.165,True
1778518277634,BTCUSDT,81622.3,0.05,True
1778518278293,BTCUSDT,81622.4,0.006,False
1778518278341,BTCUSDT,81622.3,0.005,True
1778518278445,BTCUSDT,81622.4,0.209,False
1778518278576,BTCUSDT,81622.3,0.007,True
1778518278725,BTCUSDT,81622.3,2.053,True
1778518279075,BTCUSDT,81622.4,0.029,False
1778518279163,BTCUSDT,81622.3,0.001,True
1778518279309,BTCUSDT,81622.3,0.01,True
1778518279495,BTCUSDT,81622.4,0.305,False
1778518279505,BTCUSDT,81622.5,0.003,False
1778518279505,BTCUSDT,81622.6,0.001,False
1778518279505,BTCUSDT,81622.7,0.004,False
1778518279505,BTCUSDT,81623.1,0.001,False
1778518279583,BTCUSDT,81623.2,0.001,False
1778518279651,BTCUSDT,81623.1,0.026,True
1778518279836,BTCUSDT,81623.1,0.556,True
1778518279844,BTCUSDT,81623.2,0.066,False
1778518280048,BTCUSDT,81623.2,0.001,False
1778518280206,BTCUSDT,81623.1,0.5,True
1778518280355,BTCUSDT,81623.1,0.014,True
1778518280463,BTCUSDT,81623.1,0.004,True
1778518280577,BTCUSDT,81623.1,0.062,True
1778518280580,BTCUSDT,81623.0,0.003,True
1778518280582,BTCUSDT,81622.3,0.063,True
1778518280583,BTCUSDT,81622.2,0.001,True
1778518280583,BTCUSDT,81621.7,0.002,True
1778518280583,BTCUSDT,81621.4,0.001,True
1778518280583,BTCUSDT,81621.3,0.001,True
1778518280583,BTCUSDT,81621.1,0.001,True
1778518280583,BTCUSDT,81620.4,0.002,True
1778518280583,BTCUSDT,81620.3,0.001,True
1778518280583,BTCUSDT,81620.1,0.001,True
1778518280609,BTCUSDT,81620.1,0.201,False
1778518280969,BTCUSDT,81620.0,0.016,True
1778518280969,BTCUSDT,81619.9,0.002,True
1778518280969,BTCUSDT,81619.8,0.009,True
1778518280969,BTCUSDT,81619.3,0.003,True
1778518280969,BTCUSDT,81618.9,0.001,True
1778518281602,BTCUSDT,81618.8,0.003,False
1778518281672,BTCUSDT,81618.7,0.653,True
1778518281921,BTCUSDT,81618.8,0.371,False
1778518282020,BTCUSDT,81618.7,0.001,True
1778518282125,BTCUSDT,81618.8,0.02,False
1778518282133,BTCUSDT,81618.7,0.024,True
1778518282148,BTCUSDT,81618.8,0.001,False
1778518282651,BTCUSDT,81618.8,0.001,False
1778518282911,BTCUSDT,81618.8,0.003,False
1778518283319,BTCUSDT,81618.7,0.395,True
1778518283734,BTCUSDT,81618.7,0.006,True
1778518284226,BTCUSDT,81618.7,0.101,True
1778518284248,BTCUSDT,81618.8,0.009,False
1778518284289,BTCUSDT,81618.7,0.026,True
1778518284448,BTCUSDT,81618.8,0.022,False
1778518284471,BTCUSDT,81618.7,0.014,True
1778518284562,BTCUSDT,81618.8,0.002,False
1778518284718,BTCUSDT,81618.7,0.074,True
1778518284826,BTCUSDT,81618.8,0.034,False
1778518284966,BTCUSDT,81618.8,0.014,False
1778518284979,BTCUSDT,81618.7,1.197,True
1778518285005,BTCUSDT,81618.8,0.021,False
1778518285009,BTCUSDT,81618.7,0.003,True
1778518285260,BTCUSDT,81618.7,0.147,True
1778518285402,BTCUSDT,81618.8,0.026,False
1778518285569,BTCUSDT,81618.7,0.006,True
1778518285801,BTCUSDT,81618.8,0.049,False
1778518285970,BTCUSDT,81618.8,0.004,False
1778518286252,BTCUSDT,81618.8,0.309,False
1778518286588,BTCUSDT,81618.8,0.009,False
1778518286645,BTCUSDT,81618.7,0.02,True
1778518286804,BTCUSDT,81618.7,0.01,True
1778518287073,BTCUSDT,81618.7,0.594,True
1778518287393,BTCUSDT,81618.7,0.019,True
1778518287673,BTCUSDT,81618.7,0.063,True
1778518287762,BTCUSDT,81618.8,0.007,False
1778518287905,BTCUSDT,81618.7,0.014,True
1778518288584,BTCUSDT,81618.7,0.336,True
1778518288686,BTCUSDT,81618.8,0.011,False
1778518289285,BTCUSDT,81618.8,0.003,False
1778518289429,BTCUSDT,81618.7,0.205,True
1778518289458,BTCUSDT,81618.8,0.012,False
1778518289507,BTCUSDT,81618.7,0.001,True
1778518289789,BTCUSDT,81618.7,0.002,True
1778518290060,BTCUSDT,81618.8,0.082,False
1778518290241,BTCUSDT,81618.8,2.005,False
1778518290356,BTCUSDT,81618.8,0.126,False
1778518290359,BTCUSDT,81619.0,0.002,False
1778518290359,BTCUSDT,81619.1,0.002,False
1778518290365,BTCUSDT,81619.2,0.004,False
1778518290365,BTCUSDT,81619.6,0.2,False
1778518290371,BTCUSDT,81620.0,0.02,False
1778518290397,BTCUSDT,81620.1,0.205,False
1778518290397,BTCUSDT,81620.3,0.001,False
1778518290397,BTCUSDT,81620.4,0.018,False
1778518290397,BTCUSDT,81620.8,0.005,False
1778518290397,BTCUSDT,81621.1,0.132,False
1778518290397,BTCUSDT,81621.4,0.001,False
1778518290397,BTCUSDT,81621.6,0.006,False
1778518290397,BTCUSDT,81621.8,0.001,False
1778518290397,BTCUSDT,81622.1,0.001,False
1778518290397,BTCUSDT,81622.3,0.071,False
1778518290488,BTCUSDT,81622.2,0.594,True
1778518290834,BTCUSDT,81622.3,0.036,False
1778518291190,BTCUSDT,81622.3,2.375,False
1778518291220,BTCUSDT,81622.4,0.003,False
1778518291220,BTCUSDT,81622.5,0.005,False
1778518291220,BTCUSDT,81622.6,0.002,False
1778518291306,BTCUSDT,81623.0,6.371,True
1778518291583,BTCUSDT,81623.0,0.013,True
1778518291723,BTCUSDT,81623.0,0.023,True
1778518291861,BTCUSDT,81623.1,0.047,False
1778518292041,BTCUSDT,81623.0,3.012,True
1778518292124,BTCUSDT,81623.1,0.051,False
1778518292641,BTCUSDT,81623.0,0.014,True
1778518292825,BTCUSDT,81623.0,0.004,True
1778518293172,BTCUSDT,81623.0,0.073,True
1778518293238,BTCUSDT,81623.1,0.022,False
1778518293361,BTCUSDT,81623.1,0.014,False
1778518293602,BTCUSDT,81623.1,0.023,False
1778518293769,BTCUSDT,81623.1,0.001,False
1778518294500,BTCUSDT,81623.1,0.001,False
1778518294549,BTCUSDT,81623.0,0.719,True
1778518294857,BTCUSDT,81623.1,0.095,False
1778518295092,BTCUSDT,81623.1,0.002,False
1778518295342,BTCUSDT,81623.1,0.001,False
1778518295455,BTCUSDT,81623.1,0.001,False
1778518295606,BTCUSDT,81623.0,0.245,True
1778518295644,BTCUSDT,81623.1,0.046,False
1778518295789,BTCUSDT,81623.0,0.005,True
1778518296056,BTCUSDT,81623.1,0.004,False
1778518296298,BTCUSDT,81623.0,0.101,True
1778518296553,BTCUSDT,81623.1,0.002,False
1778518296808,BTCUSDT,81623.0,0.01,True
1778518296936,BTCUSDT,81623.0,0.007,True
1778518297270,BTCUSDT,81623.0,0.014,True
1778518297301,BTCUSDT,81623.1,0.65,False
1778518297301,BTCUSDT,81623.3,0.002,False
1778518297301,BTCUSDT,81623.7,0.001,False
1778518297301,BTCUSDT,81623.8,0.022,False
1778518297301,BTCUSDT,81623.9,0.2,False
1778518297301,BTCUSDT,81623.9,0.2,False
1778518297301,BTCUSDT,81624.0,0.001,False
1778518297301,BTCUSDT,81624.1,0.005,False
1778518297301,BTCUSDT,81624.3,0.001,False
1778518297301,BTCUSDT,81624.5,0.006,False
1778518297301,BTCUSDT,81624.9,0.002,False
1778518297301,BTCUSDT,81625.0,0.001,False
1778518297301,BTCUSDT,81625.1,0.014,False
1778518297301,BTCUSDT,81625.2,0.002,False
1778518297301,BTCUSDT,81625.3,0.038,False
1778518297301,BTCUSDT,81625.5,0.001,False
1778518297301,BTCUSDT,81625.6,0.001,False
1778518297301,BTCUSDT,81625.7,0.004,False
1778518297301,BTCUSDT,81625.9,0.001,False
1778518297301,BTCUSDT,81626.0,0.001,False
1778518297301,BTCUSDT,81626.1,0.001,False
1778518297301,BTCUSDT,81626.2,0.001,False
1778518297301,BTCUSDT,81626.3,0.006,False
1778518297301,BTCUSDT,81626.4,0.001,False
1778518297301,BTCUSDT,81626.5,0.004,False
1778518297301,BTCUSDT,81626.6,0.233,False
1778518297305,BTCUSDT,81626.8,0.009,False
1778518297352,BTCUSDT,81626.7,0.001,True
1778518297418,BTCUSDT,81626.8,0.08,False
1778518297510,BTCUSDT,81626.7,0.306,True
1778518297524,BTCUSDT,81626.8,0.001,False
1778518297610,BTCUSDT,81626.7,0.432,True
1778518297661,BTCUSDT,81626.6,0.003,True
1778518297661,BTCUSDT,81626.5,0.002,True
1778518297661,BTCUSDT,81626.4,0.001,True
1778518297661,BTCUSDT,81625.8,0.002,True
1778518297661,BTCUSDT,81625.7,0.001,True
1778518297661,BTCUSDT,81625.1,0.001,True
1778518297676,BTCUSDT,81625.0,0.005,True
1778518297676,BTCUSDT,81624.9,0.002,True
1778518297677,BTCUSDT,81624.8,0.001,True
1778518297677,BTCUSDT,81624.7,0.02,True
1778518297677,BTCUSDT,81624.1,0.002,True
1778518297677,BTCUSDT,81623.9,0.002,True
1778518297677,BTCUSDT,81623.3,0.001,True
1778518297831,BTCUSDT,81623.1,0.053,True
1778518297892,BTCUSDT,81623.0,0.103,True
1778518297892,BTCUSDT,81622.4,0.001,True
1778518297895,BTCUSDT,81622.3,0.061,True
1778518297895,BTCUSDT,81622.2,0.002,True
1778518297895,BTCUSDT,81622.0,0.001,True
1778518297895,BTCUSDT,81621.7,0.002,True
1778518297907,BTCUSDT,81621.6,0.003,True
1778518297907,BTCUSDT,81621.5,0.001,True
1778518297907,BTCUSDT,81621.4,0.005,True
1778518297907,BTCUSDT,81621.3,0.002,True
1778518297907,BTCUSDT,81621.0,0.001,True
1778518297907,BTCUSDT,81620.9,0.002,True
1778518297907,BTCUSDT,81620.7,0.001,True
1778518297907,BTCUSDT,81620.2,0.001,True
1778518297907,BTCUSDT,81620.0,0.004,True
1778518297907,BTCUSDT,81619.9,0.001,True
1778518297910,BTCUSDT,81619.8,0.096,True
1778518298071,BTCUSDT,81619.9,0.006,False
1778518298402,BTCUSDT,81619.9,0.001,False
1778518298523,BTCUSDT,81619.9,0.005,False
1778518298580,BTCUSDT,81619.8,1.609,True
1778518298585,BTCUSDT,81619.7,0.002,True
1778518298585,BTCUSDT,81619.6,0.001,True
1778518298585,BTCUSDT,81619.3,0.004,True
1778518298585,BTCUSDT,81618.8,0.001,True
1778518298685,BTCUSDT,81618.8,0.018,False
1778518298696,BTCUSDT,81618.7,0.021,True
1778518298872,BTCUSDT,81618.8,0.008,False
1778518299032,BTCUSDT,81618.7,0.006,True
1778518299319,BTCUSDT,81618.8,0.001,False
1778518299489,BTCUSDT,81618.7,0.012,True
1778518299565,BTCUSDT,81618.8,0.001,False
1778518299905,BTCUSDT,81618.8,0.026,False
1778518299966,BTCUSDT,81618.7,0.001,True
1778518300298,BTCUSDT,81618.7,0.001,True
1778518300343,BTCUSDT,81618.8,0.001,False
1778518300816,BTCUSDT,81618.7,0.001,True
1778518301152,BTCUSDT,81618.7,0.625,True
1778518301680,BTCUSDT,81618.7,0.021,True
1778518301772,BTCUSDT,81618.8,0.001,False
1778518301900,BTCUSDT,81618.7,0.019,True
1778518302064,BTCUSDT,81618.8,0.004,False
1778518302168,BTCUSDT,81618.7,0.036,True
1778518303368,BTCUSDT,81618.8,0.061,False
1778518303637,BTCUSDT,81618.7,0.049,True
1778518303880,BTCUSDT,81618.7,0.001,True
1778518303995,BTCUSDT,81618.7,0.23,True
1778518304102,BTCUSDT,81618.7,0.01,True
1778518304509,BTCUSDT,81618.8,0.001,False
1778518304777,BTCUSDT,81618.8,0.099,False
1778518305082,BTCUSDT,81618.7,0.036,True
1778518305561,BTCUSDT,81618.7,0.009,True
1778518305694,BTCUSDT,81618.7,0.033,True
1778518305836,BTCUSDT,81618.7,0.012,True
1778518306272,BTCUSDT,81618.7,0.001,True
1778518306446,BTCUSDT,81618.7,1.492,True
1778518306456,BTCUSDT,81618.6,0.001,True
1778518306456,BTCUSDT,81618.5,0.001,True
1778518306459,BTCUSDT,81618.0,0.051,True
1778518306459,BTCUSDT,81617.9,0.003,True
1778518306459,BTCUSDT,81617.8,0.006,True
1778518306459,BTCUSDT,81617.5,0.001,True
1778518306459,BTCUSDT,81617.3,0.001,True
1778518306459,BTCUSDT,81617.2,0.002,True
1778518306459,BTCUSDT,81617.0,0.001,True
1778518306460,BTCUSDT,81616.8,0.001,True
1778518306460,BTCUSDT,81616.7,0.001,True
1778518306464,BTCUSDT,81616.2,0.004,True
1778518306464,BTCUSDT,81616.0,0.01,True
1778518306464,BTCUSDT,81615.8,0.001,True
1778518306466,BTCUSDT,81615.7,0.012,True
1778518306467,BTCUSDT,81615.3,0.002,True
1778518306467,BTCUSDT,81615.2,0.001,True
1778518306472,BTCUSDT,81615.1,0.027,True
1778518306472,BTCUSDT,81615.0,0.002,True
1778518306472,BTCUSDT,81614.8,0.004,True
1778518306472,BTCUSDT,81614.7,0.003,True
1778518306485,BTCUSDT,81614.3,0.001,True
1778518306485,BTCUSDT,81614.2,0.001,True
1778518306485,BTCUSDT,81614.1,0.013,True
1778518306485,BTCUSDT,81614.0,0.002,True
1778518306485,BTCUSDT,81613.8,0.002,True
1778518306493,BTCUSDT,81613.6,0.069,True
1778518306496,BTCUSDT,81613.5,0.001,True
1778518306498,BTCUSDT,81613.4,0.001,True
1778518306498,BTCUSDT,81613.2,0.001,True
1778518306498,BTCUSDT,81613.1,0.003,True
1778518306498,BTCUSDT,81613.0,0.002,True
1778518306510,BTCUSDT,81612.8,0.242,True
1778518306770,BTCUSDT,81612.9,0.001,False
1778518307156,BTCUSDT,81612.8,0.037,True
1778518307233,BTCUSDT,81612.7,0.001,True
1778518307233,BTCUSDT,81612.2,0.001,True
1778518307233,BTCUSDT,81612.1,0.001,True
1778518307235,BTCUSDT,81612.0,0.048,True
1778518307235,BTCUSDT,81611.9,0.006,True
1778518307235,BTCUSDT,81611.7,0.002,True
1778518307235,BTCUSDT,81611.2,0.001,True
1778518307235,BTCUSDT,81611.1,0.002,True
1778518307235,BTCUSDT,81611.0,0.001,True
1778518307235,BTCUSDT,81610.9,0.005,True
1778518307235,BTCUSDT,81610.5,0.001,True
1778518307235,BTCUSDT,81610.4,0.001,True
1778518307235,BTCUSDT,81610.3,0.002,True
1778518307235,BTCUSDT,81610.1,0.001,True
1778518307245,BTCUSDT,81610.0,0.14,True
1778518307359,BTCUSDT,81610.1,0.001,False
1778518308032,BTCUSDT,81610.0,0.048,True
1778518308091,BTCUSDT,81610.1,0.001,False
1778518308691,BTCUSDT,81610.1,0.001,False
1778518308900,BTCUSDT,81610.1,0.003,False
1778518308948,BTCUSDT,81610.0,0.002,True
1778518309375,BTCUSDT,81610.1,8.304,False
1778518309380,BTCUSDT,81610.2,0.075,False
1778518309388,BTCUSDT,81610.4,0.002,False
1778518309388,BTCUSDT,81610.5,0.002,False
1778518309388,BTCUSDT,81610.7,0.002,False
1778518309388,BTCUSDT,81610.8,0.001,False
1778518309491,BTCUSDT,81610.9,0.277,False
1778518309494,BTCUSDT,81611.0,0.002,False
1778518309494,BTCUSDT,81611.2,0.002,False
1778518309494,BTCUSDT,81611.3,0.001,False
1778518309494,BTCUSDT,81611.5,0.002,False
1778518309494,BTCUSDT,81611.9,0.001,False
1778518309494,BTCUSDT,81612.0,0.002,False
1778518309494,BTCUSDT,81612.1,0.003,False
1778518309494,BTCUSDT,81612.2,0.001,False
1778518309494,BTCUSDT,81612.3,0.001,False
1778518309494,BTCUSDT,81612.7,0.001,False
1778518309494,BTCUSDT,81612.9,0.001,False
1778518309494,BTCUSDT,81613.4,0.001,False
1778518309494,BTCUSDT,81613.5,0.001,False
1778518309499,BTCUSDT,81613.7,0.042,False
1778518309504,BTCUSDT,81613.8,0.001,False
1778518309504,BTCUSDT,81614.1,0.002,False
1778518309504,BTCUSDT,81614.3,0.002,False
1778518309505,BTCUSDT,81614.9,0.001,False
1778518309505,BTCUSDT,81615.0,0.002,False
1778518309505,BTCUSDT,81615.1,0.002,False
1778518309506,BTCUSDT,81615.2,0.001,False
1778518309506,BTCUSDT,81615.4,0.006,False
1778518309506,BTCUSDT,81615.6,0.003,False
1778518309506,BTCUSDT,81615.7,0.001,False
1778518309509,BTCUSDT,81615.9,0.013,False
1778518309528,BTCUSDT,81615.8,0.002,True
1778518309626,BTCUSDT,81615.9,0.048,False
1778518309860,BTCUSDT,81615.8,0.014,True
1778518310553,BTCUSDT,81615.8,0.003,True
1778518310646,BTCUSDT,81615.9,0.061,False
1778518311014,BTCUSDT,81615.8,0.002,True
1778518311140,BTCUSDT,81615.8,0.009,True
1778518311216,BTCUSDT,81615.9,0.002,False
1778518311440,BTCUSDT,81615.8,0.007,True
1778518311792,BTCUSDT,81615.9,0.001,False
1778518312018,BTCUSDT,81615.8,0.183,True
1778518312153,BTCUSDT,81615.9,0.017,False
1778518312281,BTCUSDT,81615.8,0.027,True
1778518312386,BTCUSDT,81615.8,0.035,True
1778518312401,BTCUSDT,81615.9,0.151,False
1778518312620,BTCUSDT,81615.8,0.051,True
1778518312940,BTCUSDT,81615.8,0.49,True
1778518313112,BTCUSDT,81615.8,0.023,True
1778518313319,BTCUSDT,81615.9,0.001,False
1778518314099,BTCUSDT,81615.8,0.105,True
1778518314279,BTCUSDT,81615.8,0.003,True
1778518314426,BTCUSDT,81615.8,0.021,True
1778518314562,BTCUSDT,81615.8,0.908,True
1778518314760,BTCUSDT,81615.8,0.043,True
1778518314891,BTCUSDT,81615.8,0.001,True
1778518315230,BTCUSDT,81615.8,0.638,True
1778518315309,BTCUSDT,81615.7,0.001,True
1778518315310,BTCUSDT,81615.3,0.001,True
1778518315311,BTCUSDT,81615.2,0.002,True
1778518315311,BTCUSDT,81614.8,0.001,True
1778518315311,BTCUSDT,81613.9,0.001,True
1778518315311,BTCUSDT,81613.8,0.001,True
1778518315311,BTCUSDT,81613.6,0.011,True
1778518315311,BTCUSDT,81613.5,0.001,True
1778518315311,BTCUSDT,81613.0,0.001,True
1778518315311,BTCUSDT,81612.9,0.001,True
1778518315316,BTCUSDT,81612.8,0.018,True
1778518315316,BTCUSDT,81612.6,0.001,True
1778518315316,BTCUSDT,81612.0,0.001,True
1778518315318,BTCUSDT,81611.9,0.01,True
1778518315318,BTCUSDT,81611.8,0.001,True
1778518315318,BTCUSDT,81611.6,0.003,True
1778518315318,BTCUSDT,81611.4,0.009,True
1778518315320,BTCUSDT,81610.8,0.001,True
1778518315320,BTCUSDT,81610.7,0.003,True
1778518315320,BTCUSDT,81610.2,0.001,True
1778518315320,BTCUSDT,81610.1,0.003,True
1778518315337,BTCUSDT,81610.0,0.363,True
1778518315342,BTCUSDT,81609.9,0.001,True
1778518315342,BTCUSDT,81609.8,0.001,True
1778518315362,BTCUSDT,81609.7,0.108,True
1778518315379,BTCUSDT,81609.5,0.005,True
1778518315379,BTCUSDT,81609.4,0.004,True
1778518315649,BTCUSDT,81609.1,0.107,True
1778518315649,BTCUSDT,81609.0,0.001,True
1778518315649,BTCUSDT,81608.9,0.001,True
1778518315649,BTCUSDT,81608.8,0.001,True
1778518315649,BTCUSDT,81608.7,0.004,True
1778518315649,BTCUSDT,81608.5,0.001,True
1778518315649,BTCUSDT,81608.3,0.003,True
1778518315649,BTCUSDT,81608.2,0.001,True
1778518315649,BTCUSDT,81608.0,0.008,True
1778518315649,BTCUSDT,81607.9,0.004,True
1778518315649,BTCUSDT,81607.7,0.001,True
1778518315649,BTCUSDT,81607.6,0.001,True
1778518315649,BTCUSDT,81607.5,0.002,True
1778518315649,BTCUSDT,81607.2,0.004,True
1778518315649,BTCUSDT,81607.1,0.002,True
1778518315649,BTCUSDT,81607.0,0.363,True
1778518315716,BTCUSDT,81607.1,0.002,False
1778518315766,BTCUSDT,81607.0,0.248,True
1778518315883,BTCUSDT,81607.0,0.017,True
1778518315883,BTCUSDT,81606.9,0.005,True
1778518315883,BTCUSDT,81606.8,0.012,True
1778518315883,BTCUSDT,81606.7,0.001,True
1778518315886,BTCUSDT,81606.6,0.047,True
1778518315886,BTCUSDT,81606.4,0.001,True
1778518315886,BTCUSDT,81606.2,0.013,True
1778518315886,BTCUSDT,81606.0,0.001,True
1778518315886,BTCUSDT,81605.8,0.001,True
1778518315886,BTCUSDT,81605.7,0.021,True
1778518315960,BTCUSDT,81605.7,0.558,False
1778518316158,BTCUSDT,81605.7,0.122,False
1778518316177,BTCUSDT,81605.6,0.013,True
1778518316290,BTCUSDT,81605.6,0.411,True
1778518316396,BTCUSDT,81605.6,0.001,True
1778518316597,BTCUSDT,81605.6,0.062,True
1778518317005,BTCUSDT,81605.7,0.002,False
1778518317314,BTCUSDT,81605.6,0.037,True
1778518317427,BTCUSDT,81605.6,0.301,True
1778518317536,BTCUSDT,81605.6,0.352,True
1778518317536,BTCUSDT,81605.5,0.001,True
1778518317536,BTCUSDT,81605.4,0.008,True
1778518317536,BTCUSDT,81605.1,0.019,True
1778518317536,BTCUSDT,81605.0,0.007,True
1778518317536,BTCUSDT,81604.9,0.001,True
1778518317536,BTCUSDT,81604.8,0.007,True
1778518317536,BTCUSDT,81604.7,0.001,True
1778518317538,BTCUSDT,81604.6,0.004,True
1778518317538,BTCUSDT,81604.5,0.001,True
1778518317538,BTCUSDT,81604.4,0.001,True
1778518317538,BTCUSDT,81604.2,0.002,True
1778518317539,BTCUSDT,81604.1,0.006,True
1778518317541,BTCUSDT,81604.0,0.01,True
1778518317541,BTCUSDT,81603.9,0.001,True
1778518317541,BTCUSDT,81603.7,0.008,True
1778518317541,BTCUSDT,81603.5,0.001,True
1778518317541,BTCUSDT,81603.4,0.001,True
1778518317541,BTCUSDT,81603.3,0.001,True
1778518317541,BTCUSDT,81603.1,0.001,True
1778518317541,BTCUSDT,81602.6,0.001,True
1778518317541,BTCUSDT,81602.4,0.001,True
1778518317546,BTCUSDT,81602.3,0.005,True
1778518317546,BTCUSDT,81602.2,0.002,True
1778518317546,BTCUSDT,81602.1,0.001,True
1778518317546,BTCUSDT,81602.0,0.001,True
1778518317546,BTCUSDT,81601.9,0.002,True
1778518317548,BTCUSDT,81601.5,0.008,True
1778518317548,BTCUSDT,81601.4,0.016,True
1778518317549,BTCUSDT,81601.3,0.006,True
1778518317661,BTCUSDT,81601.2,0.633,True
1778518317661,BTCUSDT,81600.7,0.001,True
1778518317661,BTCUSDT,81600.6,0.003,True
1778518317661,BTCUSDT,81600.5,0.001,True
1778518317661,BTCUSDT,81600.4,0.005,True
1778518317661,BTCUSDT,81600.2,0.001,True
1778518317715,BTCUSDT,81600.0,0.003,True
1778518317721,BTCUSDT,81600.1,0.006,False
1778518317721,BTCUSDT,81600.0,0.535,True
1778518318059,BTCUSDT,81600.0,1.0,True
1778518318290,BTCUSDT,81600.1,1.245,False
1778518318295,BTCUSDT,81600.2,0.002,False
1778518318299,BTCUSDT,81600.3,0.133,False
1778518318301,BTCUSDT,81600.5,0.001,False
1778518318301,BTCUSDT,81601.1,0.001,False
1778518318359,BTCUSDT,81601.3,0.107,False
1778518318362,BTCUSDT,81601.4,0.001,False
1778518318362,BTCUSDT,81601.5,0.002,False
1778518318364,BTCUSDT,81601.6,0.05,False
1778518318364,BTCUSDT,81602.0,0.007,False
1778518318364,BTCUSDT,81602.1,0.001,False
1778518318367,BTCUSDT,81602.4,0.026,False
1778518318367,BTCUSDT,81602.9,0.001,False
1778518318369,BTCUSDT,81603.2,0.004,False
1778518318369,BTCUSDT,81603.7,0.001,False
1778518318369,BTCUSDT,81604.0,0.002,False
1778518318369,BTCUSDT,81604.1,0.001,False
1778518318369,BTCUSDT,81604.3,0.005,False
1778518318369,BTCUSDT,81604.4,0.003,False
1778518318369,BTCUSDT,81604.5,0.001,False
1778518318369,BTCUSDT,81604.6,0.001,False
1778518318369,BTCUSDT,81604.9,0.001,False
1778518318372,BTCUSDT,81605.0,0.002,False
1778518318374,BTCUSDT,81605.4,0.007,False
1778518318374,BTCUSDT,81605.5,0.001,False
1778518318374,BTCUSDT,81605.7,0.003,False
1778518318374,BTCUSDT,81606.0,0.002,False
1778518318374,BTCUSDT,81606.1,0.003,False
1778518318374,BTCUSDT,81606.3,0.001,False
1778518318927,BTCUSDT,81606.4,0.001,False
1778518319040,BTCUSDT,81606.4,0.003,False
1778518319119,BTCUSDT,81606.3,0.655,True
1778518319190,BTCUSDT,81606.4,0.003,False
1778518319720,BTCUSDT,81606.3,0.015,True
1778518319928,BTCUSDT,81606.3,0.002,True
1778518320133,BTCUSDT,81606.3,0.015,True
1778518320352,BTCUSDT,81606.3,0.073,True
1778518320551,BTCUSDT,81606.3,0.131,True
1778518321535,BTCUSDT,81606.4,0.001,False
1778518321657,BTCUSDT,81606.3,0.03,True
1778518321666,BTCUSDT,81606.4,0.038,False
1778518321922,BTCUSDT,81606.4,0.006,False
1778518322079,BTCUSDT,81606.3,0.844,True
1778518322211,BTCUSDT,81606.3,0.034,True
1778518322225,BTCUSDT,81606.4,0.002,False
1778518322734,BTCUSDT,81606.3,0.036,True
1778518322882,BTCUSDT,81606.4,0.03,False
1778518322988,BTCUSDT,81606.4,0.041,False
1778518323046,BTCUSDT,81606.3,0.014,True
1778518323373,BTCUSDT,81606.3,0.049,True
1778518323378,BTCUSDT,81606.4,0.001,False
1778518323579,BTCUSDT,81606.4,0.038,False
1778518323720,BTCUSDT,81606.4,0.054,False
1778518323724,BTCUSDT,81606.3,0.046,True
1778518323793,BTCUSDT,81606.4,0.005,False
1778518323841,BTCUSDT,81606.3,0.061,True
1778518323945,BTCUSDT,81606.3,1.623,True
1778518323950,BTCUSDT,81606.2,0.004,True
1778518323950,BTCUSDT,81606.1,0.001,True
1778518323950,BTCUSDT,81606.0,0.001,True
1778518324316,BTCUSDT,81605.8,0.001,False
1778518324484,BTCUSDT,81605.8,0.001,False
1778518324542,BTCUSDT,81605.7,0.008,True
1778518324798,BTCUSDT,81605.8,0.003,False
1778518324951,BTCUSDT,81605.8,0.001,False
1778518325078,BTCUSDT,81605.8,1.0,False
1778518325343,BTCUSDT,81605.7,0.042,True
1778518325811,BTCUSDT,81605.8,0.001,False
1778518325824,BTCUSDT,81605.7,0.996,True
1778518325824,BTCUSDT,81605.5,0.002,True
1778518325824,BTCUSDT,81605.4,0.002,True
1778518325826,BTCUSDT,81604.8,0.001,True
1778518325826,BTCUSDT,81604.6,0.002,True
1778518325826,BTCUSDT,81603.9,0.018,True
1778518325826,BTCUSDT,81603.8,0.001,True
1778518325826,BTCUSDT,81603.7,0.001,True
1778518325832,BTCUSDT,81603.5,0.004,True
1778518325832,BTCUSDT,81603.2,0.001,True
1778518325832,BTCUSDT,81602.9,0.001,True
1778518325832,BTCUSDT,81602.5,0.001,True
1778518325835,BTCUSDT,81602.4,0.007,True
1778518325835,BTCUSDT,81602.3,0.004,True
1778518325835,BTCUSDT,81602.2,0.001,True
1778518325835,BTCUSDT,81602.0,0.002,True
1778518325835,BTCUSDT,81601.9,0.008,True
1778518325846,BTCUSDT,81601.6,0.05,True
1778518325846,BTCUSDT,81601.4,0.001,True
1778518325849,BTCUSDT,81601.3,0.615,True
1778518325870,BTCUSDT,81601.2,0.001,True
1778518325870,BTCUSDT,81601.1,0.001,True
1778518325871,BTCUSDT,81600.8,0.002,True
1778518325877,BTCUSDT,81600.6,0.001,True
1778518325877,BTCUSDT,81600.5,0.001,True
1778518325877,BTCUSDT,81600.0,0.196,True
1778518325886,BTCUSDT,81599.7,0.001,True
1778518325886,BTCUSDT,81599.6,0.001,True
1778518325886,BTCUSDT,81599.5,0.006,True
1778518325897,BTCUSDT,81598.6,0.001,True
1778518325897,BTCUSDT,81598.4,0.004,True
1778518325897,BTCUSDT,81598.3,0.002,True
1778518325901,BTCUSDT,81598.1,0.012,True
1778518325901,BTCUSDT,81598.0,0.002,True
1778518325901,BTCUSDT,81597.8,0.001,True
